3362 5216
796 1182 941 1291 Pars
977 1180 1037 1290 ll.

907 1427 935 1486 l.

400 1599 583 1678 (lenonem
608 1601 646 1674 in
671 1600 763 1675 Asia
790 1609 946 1674 exeunte
972 1597 1118 1674 saeculo
1145 1597 1260 1672 altero
1287 1620 1321 1669 a.
1350 1593 1418 1670 Oh.

739 1722 974 1818 compositum
1002 1743 1093 1794 esse.

393 1919 560 1986 (lenonem
589 1924 663 2002 post
693 1919 853 1984 Dinarchi
884 1924 1021 1983 mortem
1051 1923 1084 1983 et
1113 1922 1189 1982 ante
1219 1915 1353 1981 Caecilii
1385 1921 1527 1980 aetatem

306 2023 497 2088 imitationis
532 2022 693 2087 oratoriae
730 2043 806 2104 ergo
845 2044 866 2086 a
900 2021 1031 2086 rhetore
1073 2041 1142 2084 esse
1180 2019 1391 2083 constitutum
1435 2024 1527 2100 parte

305 2127 414 2210 priore
435 2125 529 2190 nohis
552 2125 697 2190 videmur
716 2124 968 2205 demonstrasse;
998 2145 1084 2188 nunc
1110 2123 1255 2187 nascitur
1284 2121 1431 2204 quaestio
1454 2142 1526 2202 gra-

305 2230 452 2309 vissima,
478 2228 534 2292 uhi
564 2234 597 2293 et
619 2228 748 2310 quando
771 2249 876 2294 canon
897 2229 951 2292 ille
975 2230 1017 2292 sit
1043 2227 1248 2292 constitutus.
1293 2223 1381 2308 quod
1410 2229 1448 2287 ut
1477 2226 1527 2288 via

307 2353 346 2398 ac
381 2333 508 2398 ratione
544 2331 789 2414 investigemus,
828 2333 968 2415 primum
1008 2351 1081 2396 cum
1117 2329 1157 2394 de
1194 2334 1360 2393 oratorum
1404 2348 1526 2392 canone

306 2441 492 2518 quaeratur,
520 2434 576 2499 ubi
604 2433 788 2517 eloquentia
816 2435 866 2500 his
895 2435 1000 2500 tribus
1041 2433 1109 2497 iere
1141 2431 1278 2496 saeculis
1301 2431 1350 2494 ita
1371 2429 1526 2511 floruerit,

306 2544 343 2603 ut
370 2536 498 2603 dicendi
527 2539 725 2621 exemplaria
764 2538 1044 2617 desiderarentur,
1078 2535 1382 2617 circumspiciamus.
1427 2539 1527 2617 atque

305 2640 446 2705 Athenis
458 2640 589 2724 quidem
600 2646 733 2723 totaque
747 2639 889 2707 Graecia
901 2641 1048 2724 proximo
1059 2644 1133 2722 post
1145 2637 1350 2702 Dinarchum
1363 2643 1528 2702 mortuum

304 2745 458 2828 temporis
488 2745 593 2827 spatio
623 2745 807 2830 eloquentia
834 2745 963 2810 iacebat
993 2743 1114 2830 (Blass,
1146 2741 1209 2808 ΘΒ
1242 2747 1282 2806 22
1313 2761 1360 2823 sq.
1391 2744 1432 2804 95
1462 2738 1527 2825 sq.)

304 2869 432 2930 unaque
456 2868 529 2913 eum
550 2848 701 2914 libertate
725 2849 883 2914 exstincta
904 2848 1011 2914 subito
1031 2847 1098 2912 fere
1120 2845 1276 2910 conticuit
1299 2850 1331 2909 et
1354 2842 1524 2909 obmutuit.

304 2957 430 3016 restant
450 2951 551 3034 igitur
565 2950 756 3017 Rhodus'et
777 2951 870 3032 Asia,
894 2974 958 3035 quo
980 2957 1017 3016 ut
1039 2949 1137 3015 semel
1158 2970 1175 3013 e
1197 2948 1315 3013 Piraeo
1339 2953 1449 3012 evecta
1467 2951 1525 3029 est,

304 3052 449 3137 confugit
471 3053 686 3142 eloquential)
709 3076 891 3140 novumque
908 3054 1086 3119 conlocavit
1101 3052 1306 3119 domicilium.
1329 3088 1373 3098 —-
1394 3055 1430 3115 at
1454 3071 1526 3114 cum

394 3313 415 3380 ¹)
433 3311 467 3366 cf.
487 3311 547 3365 (lic.
565 3310 644 3364 Brut.
663 3312 705 3378 51,
724 3313 768 3365 cui
786 3311 920 3365 Rhodum
937 3312 1058 3364 insulam
1070 3309 1249 3378 potissimum
1268 3309 1446 3362 obversatam
1466 3323 1525 3360 esse

305 3416 338 3454 ea
361 3415 433 3467 quae
451 3401 609 3467 sequuntur
627 3397 742 3451 docent:
778 3398 851 3463 ,hino
869 3398 990 3452 Asiatici
1016 3400 1142 3450 oratores
1166 3429 1200 3437 -
1226 3394 1333 3448 Rhodii
1353 3396 1478 3446 saniores
1497 3396 1525 3445 et

303 3485 468 3539 Atticorum
496 3485 662 3539 similiores‘
699 3483 775 3552 quod
798 3483 895 3536 (licere
918 3484 1021 3538 tradit:
1058 3483 1228 3550 ‚eloquentia
1249 3497 1345 3534 omnes
1365 3478 1526 3548 peragravit

303 3572 409 3624 insulas
435 3574 519 3638 atque
541 3573 720 3640 peregrinata
741 3573 804 3623 tota
825 3570 894 3623 Asia
917 3573 980 3636 est,‘
1004 3570 1122 3624 fortasse
1148 3570 1250 3623 leviter
1273 3566 1411 3621 indicavit
1434 3563 1527 3618 Rhodi

303 3659 426 3727 primum
444 3658 632 3726 eloquentiam
651 3657 825 3710 domicilium
843 3656 991 3721 invenisse,
1011 3656 1086 3709 unde
1104 3657 1134 3710 in
1151 3655 1250 3709 Asiam
1268 3653 1428 3717 transierit;
1448 3651 1523 3704 idem

306 3746 402 3798 subest
419 3744 584 3810 narrationi,
603 3761 675 3812 quae
693 3747 737 3796 est
749 3743 824 3812 apud
835 3741 911 3797 Plut.
924 3742 1072 3796 Demosth.
1086 3744 1134 3795 24:
1154 3741 1332 3810 (Aeschines)
1350 3735 1432 3795 εὐθὺς
1444 3735 1526 3804 tarde

304 3830 407 3886 πόλεως
420 3827 499 3899 ὤχετ’
514 3827 604 3884 ἀπιὼν
618 3836 661 3882 καὶ
675 3835 736 3900 περὶ
742 3826 836 3882 Ῥόδον
850 3835 893 3889 καὶ
899 3825 1004 3882 Ἰωνίαν
1015 3827 1185 3900 σοφιστεύων
1201 3833 1358 3896 κατεβίωσε.
1386 3824 1526 3878 consentit

308 3933 373 3970 curn
392 3915 546 3971 Plutarcho
559 3915 749 3970 Philostratus
768 3917 817 3968 vit.
837 3915 984 3984 sophistI
1002 3931 1140 3984 prooem.;
1161 3915 1201 3980 15,
1220 3915 1275 3966 nisi
1288 3912 1362 3980 quod
1375 3911 1485 3965 Cariam
1496 3910 1526 3962 in

305 4003 400 4056 locum
418 4003 516 4056 Ioniae
535 4003 692 4056 substituit.
730 4006 804 4055 certe
817 4001 965 4055 Aeschinis
979 4001 1141 4066 auotoritas,
1161 4018 1225 4054 cum
1239 4001 1295 4053 iam
1308 4017 1331 4053 a.
1345 4000 1396 4054 330
1407 3997 1526 4051 Athenis

303 4089 413 4149 relictis
433 4089 566 4143 Rhodum
584 4089 756 4158 profugisset
773 4092 802 4142 et
814 4091 866 4141 314
879 4087 957 4140 Sami
970 4089 1029 4142 vita
1043 4087 1218 4153 decessisset,
1235 4088 1315 4154 prius
1328 4086 1357 4138 in
1370 4085 1424 4138 illis
1438 4083 1526 4152 regio·

304 4176 386 4228 nibus
398 4175 488 4246 viguit
501 4193 585 4243 quem
598 4175 745 4245 Hegesiae,
759 4175 807 4242 qui
818 4174 1026 4244 quinquaginta.
1036 4175 1148 4226 demum
1158 4174 1238 4228 anuis
1247 4176 1315 4242 post
1323 4172 1398 4224 iuter
1407 4169 1527 4224 Asianos

302 4262 387 4332 longe
415 4263 578 4317 excellebat.
613 4261 798 4330 posteriorem
827 4260 1006 4314 Rhodiorum
1035 4260 1225 4328 eloquentiam
1260 4275 1322 4312 cum
1350 4257 1400 4310 illa
1432 4257 1527 4326 priore

302 4348 444 4402 communi
465 4347 577 4402 vinculo
601 4363 658 4400 non
683 4347 769 4400 fuisse
791 4349 917 4399 iunctam
940 4363 1053 4400 monere
1076 4363 1146 4414 opus
1171 4364 1228 4399 non
1255 4349 1308 4412 est;
1327 4346 1414 4397 immo
1433 4342 1527 4411 potius

303 4453 367 4489 cum
392 4435 468 4489 Molo
492 4452 526 4488 ex
550 4433 631 4487 Garis
657 4432 791 4486 Rhodum
815 4433 1022 4487 transcenderit
1045 4449 1133 4501 eoque
1156 4432 1310 4501 Hyperidis
1339 4430 1528 4484 imitationem

304 4523 463 4588 contulerit,
481 4523 515 4576 ab
534 4521 640 4575 Asiana
660 4537 722 4573 eam
739 4520 796 4574 vim
815 4536 846 4573 ac
864 4519 953 4574 vitam
971 4520 1111 4588 recepisse
1129 4519 1312 4573 manifestum
1330 4520 1381 4571 est.
