3362 5216
760 363 766 368 ,
804 275 882 368 ...62
905 363 925 367 ,-

244 477 401 562 Dionysio
434 501 465 563 p.
490 483 551 544 661
574 471 610 542 ἐν
643 480 710 550 τοῖς
743 479 962 563 Περγαμηνοῖς
996 471 1110 554 πίναξι
1146 468 1279 562 φέρεται
1315 469 1359 552 ὥς
1382 478 1468 542 Καλ-

244 579 425 667 λιτράτουςς
460 582 634 663 Dionysius
667 582 737 663 ipse
768 580 923 645 iudicium
956 580 996 643 de
1028 585 1159 643 auctore
1191 579 1366 661 detrectat,
1398 602 1471 645 oum

244 685 350 748 nullas
376 706 520 767 unquam
537 683 721 748 Callicratis
745 685 908 747 crationes
930 684 1111 764 repperisse
1134 703 1168 745 se
1189 682 1391 764 profiteatur,
1415 685 1471 764 qui

248 788 403 869 quoniam
419 785 611 852 Callimachi
634 784 673 849 de
695 786 757 850 hac
779 787 925 849 oratione
941 785 1136 850 sententiam
1149 805 1214 848 non
1229 793 1469 864 commemorat,

244 890 450 972 perspicuum
494 895 543 954 ost
581 887 831 968 Callimachum,
869 887 911 950 ad
952 887 1043 950 cuius
1081 887 1267 951 tabularum
1305 888 1470 970 exemplar

245 992 421 1075 Dionysius
455 1013 529 1056 suos
558 989 704 1054 condidit
730 991 875 1071 pinaces,
907 989 994 1052 nullo
1025 988 1076 1052 rel
1112 988 1195 1054 falso
1217 989 1313 1054 titulo
1347 991 1470 1054 tradito

245 1099 365 1158 temere
399 1094 558 1159 Dinarchi
594 1092 684 1158 illam
724 1091 886 1158 censuisse
918 1091 1111 1170 orationem,
1148 1091 1367 1174 Pergamenos
1400 1092 1472 1155 dili-

247 1197 375 1276 gentius
424 1218 492 1261 rem
546 1199 695 1260 curantes
746 1194 914 1258 Dinarcho
966 1193 1168 1257 abiudicasse
1223 1201 1321 1276 atque
1373 1193 1471 1258 Calli-

245 1300 328 1362 crati
351 1299 550 1381 ascripsisse,
582 1299 647 1361 iam
670 1318 742 1360 cum
769 1296 927 1378 adiungat
949 1295 1125 1378 Dionysius
1156 1293 1217 1373 ,ὅτι
1241 1294 1276 1360 δὲ
1309 1294 1471 1378 ιτάμιτολυ

249 1403 314 1463 τῶν
337 1397 513 1484 Δεινάρχου
548 1396 650 1482 λόγων
681 1393 859 1485 ἀφέστηκεν
893 1393 925 1481 (ὁ
959 1395 1082 1482 λόγος),
1113 1392 1239 1484 εὐτελής
1275 1421 1309 1462 τε
1336 1393 1380 1462 ὢν
1415 1396 1471 1460 καὶ

245 1499 335 1576 κενὸς
362 1501 419 1566 καὶ
442 1498 499 1566 οὐκ
527 1496 659 1580 ἀπέχων
688 1497 852 1588 ἰδιωτικῆς
875 1497 1041 1587 φλυαρίας,
1073 1496 1245 1582 πείθομαι,
1266 1501 1472 1566 manifestum

246 1612 294 1670 est
327 1605 562 1688 Pergamenae,
593 1625 731 1685 quorum
760 1604 1042 1667 ratiocinationem
1073 1607 1185 1685 aperte
1217 1605 1362 1687 sequitur
1393 1605 1472 1670 Dio-

244 1709 370 1790 nysius,
400 1708 522 1772 hae-in
551 1728 586 1771 re
615 1705 824 1770 diiudicanda
850 1709 1002 1788 κριτικῶς
1034 1705 1146 1796 egisse.
1204 1707 1282 1788 quid
1310 1728 1385 1771 vero
1413 1707 1471 1770 im-

245 1810 346 1894 pedit,
377 1811 548 1894 quominus
577 1809 675 1873 etiam
703 1808 775 1872 aliis
798 1809 831 1871 in
853 1809 950 1872 rebus
975 1807 1196 1888 Pergamenos
1223 1809 1359 1872 eandem
1380 1809 1471 1872 iham

245 1934 392 1978 normam
440 1919 567 1977 secutos
616 1933 684 1976 esse
727 1908 947 1994 suspicemur?
991 1949 1028 1956 -
1073 1911 1139 1974 iam
1182 1911 1330 1975 rhetores
1373 1912 1478 1993 ipsos,
1539 1985 1545 1992 ⁸

247 2016 304 2099 qui
327 2015 478 2099 deinceps
500 2015 656 2098 Pergami
678 2014 849 2093 florebant,
873 2012 1108 2095 perlustratum
1131 2035 1178 2077 eo.
1223 2019 1323 2096 atque
1346 2013 1471 2095 primus

247 2117 341 2182 nobis
372 2119 512 2183 occurrit
541 2117 710 2182 Neanthes
743 2116 939 2198 Cyzicenus,
979 2135 1075 2196 quem
1104 2116 1201 2179 etiam
1228 2137 1266 2180 ea
1293 2115 1333 2179 de
1362 2135 1471 2193 causa,

247 2220 335 2302 quod
364 2219 441 2306 περὶ
468 2215 658 2306 νακοζηλίας
685 2221 850 2305 ῥητορικῆς
878 2217 1008 2300 scripsit
1017 2217 1051 2298 ¹),
1092 2217 1127 2282 id
1155 2219 1242 2300 quod
1269 2219 1309 2284 de
1337 2218 1474 2282 Philisci

250 2321 292 2408 (†
314 2344 340 2386 c.
365 2323 442 2408 320)
466 2322 623 2406 discipulo
646 2323 699 2386 vix
721 2322 894 2403 quisquam
910 2319 1121 2400 contenderit,
1146 2321 1281 2386 eundem
1304 2327 1383 2403 puto
1400 2341 1473 2383 cum

250 2423 403 2489 Neanthe
432 2424 542 2489 Attali
570 2425 589 2489 Ι
617 2422 785 2509 aequali.²)
832 2423 979 2503 sequitur
1000 2422 1185 2508 Artem03),
1215 2445 1311 2505 quem
1334 2424 1388 2503 iis,
1418 2423 1474 2503 qui

250 2525 377 2593 Crateti
399 2527 433 2591 in
456 2526 646 2592 adornanda
669 2525 867 2590 bibliotheca
888 2525 1034 2588 adiuncti
1046 2531 1140 2589 erant
1147 2575 1155 2606 ,
1178 2526 1352 2608 praecipue
1374 2523 1474 2588 adnu.

247 2628 451 2710 moraverim,
475 2651 547 2710 cum
570 2650 607 2692 eo
630 2650 688 2692 nos
711 2628 869 2692 inducant
891 2627 1014 2709 scripta
1037 2625 1113 2712 περὶ
1136 2631 1318 2714 συναγωγῆς
1339 2621 1474 2708 βιβλίων

248 2738 281 2796 et
314 2729 390 2818 περὶ
424 2727 559 2814 βιβλίων
588 2730 739 2817 χρήσεως,
769 2731 880 2812 qualia
908 2731 1073 2812 scripsisse
1101 2729 1242 2793 traditur
1277 2731 1318 2794 ab
1350 2729 1473 2793 Athen.

249 2834 327 2901 XII
350 2833 463 2914 515‘103
486 2834 557 2902 XV
582 2837 681 2897 694³.
717 2834 751 2896 in
773 2834 814 2897 iis
836 2833 1050 2897 Artemonem
1074 2833 1172 2896 etiam
1197 2833 1420 2897 decretorum
1439 2835 1472 2894 et

252 2936 419 3001 rhetorum
442 2937 570 3020 scriptis
593 2938 697 3018 egisse
717 2935 805 2999 haud
819 2935 934 2999 leviter
956 2931 1144 3012 conicim'us3
1168 2937 1266 3000 immo
1283 2957 1356 2999 cum
1371 2933 1475 2998 eidem

251 3039 450 3104 ascribamus
488 3038 677 3104 Artemonis
715 3037 882 3102 cuiusdam
909 3041 976 3102 τῶν
1011 3033 1250 3123 Ἀριστοτέλους
1290 3036 1473 3122 ἐπιστολῶν

247 3137 435 3228 ἀναγραφὰς
457 3147 556 3222 atque
580 3142 667 3224 apud
690 3141 894 3206 Demetrium
919 3165 955 3204 rr.
980 3135 1046 3226 ἑρμ..
1072 3145 1133 3204 223
1149 3141 1304 3205 iudicium
1327 3141 1472 3224 legamus

247 3245 287 3308 de
311 3245 523 3327 epistularum
547 3245 743 3316 charactere,
768 3264 865 3324 quem
890 3264 955 3306 non
978 3243 1071 3306 redde
1095 3243 1136 3306 ab
1160 3243 1299 3324 dialogis
1322 3242 1471 3308 recedere

248 3352 358 3412 censet
391 3345 547 3426 Artemo,
586 3353 696 3410 nostro
735 3346 805 3410 iure
838 3347 1040 3427 suspicamur
1078 3345 1292 3410 Artemonem
1337 3345 1472 3428 singulis

247 3450 440 3532 scriptorum
462 3448 624 3514 indicibus
650 3449 685 3534 (i.
702 3470 728 3513 e.
746 3443 961 3534 ἀναγραφαῖς)
984 3448 1187 3531 praemisisse
1203 3454 1298 3541 notas
1314 3449 1472 3531 quasdam

337 3721 713 3790 Cdpfflnhpffi

335 3803 358 3873 ²)
376 3805 409 3858 of.
428 3803 530 3871 Meter,
554 3805 683 3874 Pergam.
702 3803 793 3858 Reich
810 3822 838 3874 p.
857 3806 886 3871 43
912 3803 1036 3870 Blaesio,
1059 3804 1111 3858 AB
1130 3803 1162 3858 Π
1179 3808 1230 3858 423
1249 3806 1407 3870 adsentior,
1427 3805 1475 3872 qui

249 3891 318 3944 duos
348 3891 432 3943 fuisse
459 3891 603 3944 Neanthes
633 3892 743 3948 statuit.
788 3895 902 3958 praeter
929 3891 999 3942 alios
1035 3890 1166 3944 Neanthe
1193 3897 1310 3946 auctore
1339 3909 1405 3945 usus
1433 3895 1476 3944 est

248 3977 410 4030 Demetrius
431 3976 561 4046 Scepsius
581 3978 627 4046 (cf.
647 3979 729 4046 frgm.
749 3978 783 4028 50
801 3976 917 4044 Caede),
939 3977 1015 4028 cuius
1034 3982 1115 4030 aetas
1136 3996 1200 4030 cum
1218 3980 1294 4032 inter
1311 3980 1365 4031 214
1384 3981 1413 4029 et
1427 3979 1477 4029 140

255 4062 434 4127 cohibeatur,
460 4065 572 4130 quando
595 4063 740 4117 Neanthes
760 4063 878 4126 vixerit,
897 4063 1071 4130 aliquantum
1092 4063 1210 4116 definire
1228 4065 1304 4119 licet.
1340 4066 1396 4117 iam
1414 4080 1477 4115 cum

252 4151 394 4204 Neanthis
417 4157 478 4223 περὶ
497 4147 629 4203 Ἄτταλον
657 4151 776 4222 ἱστορίας
803 4166 859 4202 non
887 4150 944 4217 (vel
969 4167 1025 4202 non
1048 4150 1107 4217 diu)
1140 4154 1206 4204 ante
1232 4151 1324 4204 Attali
1351 4152 1475 4202 mortem

253 4240 374 4306 scriptas
394 4253 453 4291 esse
472 4237 539 4289 satis
558 4235 595 4288 sit
612 4235 767 4303 probabile,
788 4252 810 4288 c.
830 4236 977 4286 270-180
996 4237 1071 4288 tritae
1091 4237 1149 4288 eius
1168 4238 1305 4290 terminos
1324 4253 1437 4304 ponam.

337 4323 358 4390 ⁸)
378 4323 413 4376 of,
441 4321 536 4388 Pauly,
560 4321 711 4388 Encyolop.
734 4321 749 4374 I
772 4323 789 4374 2
812 4339 837 4389 p.
859 4323 925 4374 1819
949 4339 988 4388 sq.
1009 4339 1034 4374 n.
1059 4324 1082 4374 3.
1108 4324 1131 4373 4.
1159 4325 1182 4375 7.
1204 4325 1244 4376 10.
1265 4325 1308 4388 11;
1334 4323 1478 4392 Wegener

248 4409 265 4460 l.
294 4409 311 4460 l.
339 4426 366 4478 p.
397 4409 552 4474 raa-194,
587 4407 620 4460 Ε.
647 4407 741 4472 Heitz,
769 4408 815 4460 die
842 4408 1008 4461 verlcrenen
1037 4407 1182 4460 Schriften
1212 4409 1261 4462 des
1292 4409 1476 4476 Aristoteles,

252 4492 330 4562 Lips.
351 4495 418 4546 1865
436 4511 463 4562 p.
482 4496 533 4547 283
552 4510 626 4560 sqq.;
644 4493 716 4558 Birt,
736 4493 908 4548 Buchwesen
926 4511 953 4562 p.
972 4495 1023 4546 497
1042 4512 1068 4549 n.
1090 4498 1111 4549 1.
