3362 5216
821 334 862 396 85

278 532 346 600 oio.
370 533 470 600 Brut.
490 537 545 600 71:
574 540 741 620 comparat
756 533 931 620 Odyssiam
952 535 1108 602 Latinam
1131 557 1203 601 oum
1226 559 1322 620 opere
1346 537 1455 624 aliquo

479 637 621 703 Daedali
637 645 670 703 et
678 637 711 704 N
712 640 795 704 aevii
807 639 927 704 bellum
936 639 1096 705 Punicum
1109 661 1182 704 oum
1190 641 1335 723 Myronis
1347 661 1454 724 opere.

267 728 343 802 'oio
366 735 461 804 Brut.
484 743 561 804 228:
605 741 776 806 Hortensii
802 741 977 808 admodum
1000 742 1215 808 adulescentis
1238 744 1402 826 ingenium
1417 749 1455 808 ut

476 841 616 908 Phidiae
646 844 773 928 siguum
804 846 898 910 simul
926 851 1093 928 aspectum
1121 851 1154 911 et
1181 846 1354 930 probatum
1384 867 1454 912 esse

450 1016 454 1022 ,
477 945 571 1026 dicit3
592 946 636 1011 ib.
658 951 720 1012 320
742 946 782 1012 de
804 947 917 1014 eodem
938 948 1020 1014 haec
1040 949 1151 1014 habet:
1175 950 1307 1032 ,primus
1330 971 1405 1014 vero
1422 956 1455 1016 et

476 1049 636 1116 secundus
664 1071 768 1116 annus
796 1055 829 1116 et
857 1052 973 1118 tertius
999 1057 1075 1136 post
1097 1053 1301 1117 consulatum
1323 1058 1454 1118 tantum

478 1151 573 1235 quasi
596 1151 636 1218 de
655 1147 802 1237 picturae
817 1156 934 1221 ueteris
949 1155 1056 1221 colore
1072 1154 1268 1235 detraxerat,
1292 1161 1453 1238 quantum
1480 1221 1484 1227 ,

477 1276 543 1328 non
569 1255 673 1338 quivis
698 1276 781 1321 unus
811 1278 851 1322 ex
876 1258 1012 1342 populo,
1037 1257 1093 1322 sed
1115 1257 1315 1322 existimator
1339 1258 1454 1324 doetus

428 1388 431 1396 ’
483 1365 516 1424 et
536 1357 726 1441 intellegens
748 1367 859 1444 posset
881 1365 1094 1444 cognosceret
1140 1360 1179 1424 cf.
1194 1361 1291 1425 etiam
1308 1360 1454 1427 eiusdem

483 1460 649 1528 Ciceronis
672 1460 712 1528 ds
736 1461 876 1529 ansare
900 1463 1010 1549 (Brut.
1033 1463 1111 1549 261)
1135 1469 1168 1528 et
1190 1463 1230 1528 de
1246 1463 1373 1531 Oatone
1396 1465 1453 1550 (ib.

479 1569 552 1630 293.
574 1563 652 1648 298)
675 1562 806 1630 iudicia.

269 1665 343 1734 010.
367 1666 462 1732 Brut.
478 1672 541 1733 256
562 1689 625 1750 sq.:
648 1666 787 1733 Phidiae
810 1667 972 1734 artificum
993 1668 1148 1753 principis
1171 1668 1317 1752 exemplo
1341 1669 1453 1736 adlato

473 1791 538 1836 non
560 1775 720 1854 quantum
742 1772 878 1856 quisque
900 1772 1013 1854 prosit,
1037 1770 1095 1835 sed
1116 1772 1231 1854 quanti
1246 1773 1383 1855 quisque
1402 1773 1454 1855 sit,

477 1873 725 1960 ponderandum
748 1895 818 1940 esse
840 1875 978 1940 disserit.

278 1977 345 2046 oio.
368 1979 464 2046 Brut.
488 1982 565 2044 296:
590 1981 627 2042 ut
645 1976 798 2060 Polycliti
823 1976 1042 2061 doryphorum
1065 1976 1128 2040 sibi
1148 1974 1312 2060 Lysippus
1336 1979 1455 2060 aiebat,

474 2082 521 2147 sic
548 2080 612 2164 ipsi
640 2080 823 2146 suasionem
850 2080 931 2164 legis
953 2063 1110 2146 Serviliae
1136 2071 1328 2163 magistram
1357 2081 1456 2146 fuisse

230 2247 232 2250 .
478 2182 642 2268 professus
666 2189 725 2248 est.
942 2265 945 2270 .
1074 2177 1080 2194 ²
1293 2197 1294 2200 ’

179 2353 183 2358 ,
274 2284 341 2352 (lic.
372 2290 453 2352 orat.
485 2291 503 2352 3
535 2307 610 2369 sqq:
638 2307 705 2350 non
731 2307 800 2351 esse
828 2284 916 2369 quod
938 2283 1102 2367 perfectae
1124 2283 1326 2366 eloquentiae
1347 2285 1455 2369 imago

475 2409 529 2454 eos
552 2389 724 2470 deterreat,
747 2389 857 2472 quise
879 2387 1006 2452 dicendi
1021 2386 1128 2452 studio
1145 2386 1338 2452 dediderint.
1376 2411 1452 2454 nam

474 2493 509 2556 iu
531 2493 635 2575 poetis
647 2514 717 2556 non
731 2492 876 2558 Homero
893 2491 953 2555 soli
967 2489 1074 2555 locum
1097 2511 1167 2556 esso
1183 2497 1241 2555 aut
1255 2477 1456 2556 Archilocho

475 2600 532 2659 aut
554 2594 707 2678 Sophocli
734 2602 792 2660 aut
813 2594 972 2674 Pindaro,
1000 2591 1057 2657 sed
1086 2592 1201 2657 horum
1231 2594 1281 2657 vel
1307 2595 1456 2660 secundis

477 2699 529 2764 rel
545 2699 643 2763 etiam
657 2698 743 2764 inira
759 2697 926 2763 secundos.
970 2715 1076 2779 neque
1092 2695 1265 2761 Platonem
1280 2703 1313 2762 et
1328 2698 1456 2765 Aristo·

479 2801 578 2867 telem
608 2802 688 2866 alios
717 2823 737 2866 a
764 2799 935 2866 scribendo
958 2797 1161 2864 deterruisse.
1206 2799 1305 2865 fuisse
1327 2811 1457 2884 praeter

476 2904 628 2989 opificum
650 2905 811 2988 principes
827 2905 1045 2986 Protogenem
1069 2907 1101 2966 et
1116 2902 1279 2985 Apellam,
1303 2905 1457 2971 Phidiam

476 3014 511 3074 et
535 3007 733 3091 Polyclitum
761 3028 915 3090 magnam
944 3005 1129 3070 inlustrium
1157 3005 1317 3072 artificum
1346 3008 1454 3074 multi-

475 3111 621 3176 tudinem
632 3113 671 3196 Ι);
694 3109 781 3175 idem
799 3111 833 3174 in
856 3108 1039 3174 oratoribus
1055 3109 1151 3189 cerni,
1167 3109 1253 3174 inter
1268 3133 1349 3194 quos
1360 3112 1456 3195 longe

477 3212 609 3298 quidem
631 3214 769 3279 excellat
783 3211 1031 3290 Demosthenes,
1056 3211 1113 3276 sed
1134 3211 1255 3278 fuerint
1279 3213 1377 3278 otiam
1400 3214 1456 3278 alii

476 3317 567 3402 iique
600 3318 680 3384 clari
712 3322 867 3382 oratores.
920 3334 1026 3398 neque
1057 3313 1196 3397 denique
1228 3335 1297 3380 esse
1326 3317 1359 3379 in
1390 3316 1457 3381 ullo

477 3441 595 3504 genere
617 3420 792 3504 quicquam
812 3424 882 3484 tam
903 3417 1083 3502 pulchrum
1115 3437 1180 3501 quo
1202 3437 1267 3483 non
1290 3418 1456 3503 pulchrius

477 3524 512 3590 id
535 3524 587 3605 sit,
610 3524 695 3588 unde
717 3521 800 3586 illud
823 3521 1033 3604 exprimatur.

277 3627 345 3694 Oic.
368 3633 450 3694 orat.
474 3631 515 3692 36
537 3647 600 3710 sq.:
625 3624 852 3691 difficillimum
875 3644 945 3689 esse
959 3623 1142 3709 χαρακτῆρα
1157 3623 1270 3706 optimi
1286 3643 1456 3706 exponere,

478 3751 552 3794 oum
573 3729 664 3794 varia
687 3729 761 3809 sint,
783 3732 821 3792 ut
841 3727 875 3791 in
891 3725 1037 3806 Graecis,
1061 3724 1182 3790 iudicia
1203 3747 1262 3790 neo
1276 3725 1382 3790 facilis
1404 3747 1456 3791 ex·
1587 3738 1590 3744 '

479 3832 620 3917 pHoatio,
644 3852 727 3915 quae
748 3830 854 3896 forma
874 3829 1013 3894 maxime
1035 3828 1187 3908 excellat3
1211 3835 1248 3894 ut
1263 3829 1307 3909 ,in
1322 3829 1457 3911 picturis

479 3935 560 4000 alios
582 3934 716 4000 horrida
738 3934 862 3998 inculta
884 3953 996 4016 opaca,
1019 3936 1133 3997 contra
1155 3931 1236 3996 alios
1250 3930 1356 3995 nitida
1370 3931 1458 3996 laeta

481 4035 682 4102 conlustrata
714 4037 902 4117 delectant‘,
945 4035 993 4099 ita
1030 4034 1126 4118 plura
1163 4041 1239 4099 sunt
1275 4034 1458 4099 orationum

479 4160 600 4224 genera
623 4161 725 4223 eaque
741 4140 878 4220 diversa,
901 4137 1055 4220 nequem
1069 4158 1168 4202 unam
1183 4136 1322 4203 formam
1337 4138 1459 4204 cadunt
1493 4147 1499 4155 '

479 4263 596 4308 omma.

235 4383 438 4394 -oe-——n

327 4482 349 4551 ¹)
366 4481 401 4536 cf.
421 4482 527 4536 Colum.
550 4481 586 4536 de
604 4499 635 4536 re
653 4485 724 4536 rust.
743 4479 917 4550 Ipraei.21
936 4478 978 4533 ed.
997 4479 1069 4547 Rip,
1095 4479 1174 4534 cuius
1193 4481 1222 4533 et
1239 4479 1325 4533 verba
1348 4481 1379 4532 et
1397 4493 1458 4532 sen·

238 4567 345 4622 tentiae
363 4585 427 4624 cum
448 4568 584 4624 Cicerone
601 4569 704 4622 mirum
721 4567 751 4622 iu
768 4567 884 4622 modum
902 4567 1070 4634 congruunt.
