3362 5216
372 768 555 844 Oanonem
581 763 751 862 Pergami
777 774 862 842 ante
889 764 1104 862 Apollodori
1132 772 1289 839 aetatem

651 905 885 1001 compositum
913 926 1005 978 esse.

305 1103 389 1166 Miro
413 1099 532 1165 accidit
554 1120 640 1181 casu,
663 1104 700 1166 ut
723 1100 778 1182 qui
799 1099 922 1182 primus
946 1097 1075 1163 disertis
1091 1097 1199 1162 verbis
1215 1097 1347 1162 canonis
1364 1095 1441 1161 lenit

218 1205 414 1269 mentionem
436 1203 633 1286 Pergamum
655 1202 741 1266 ultro
764 1223 821 1266 nos
844 1200 979 1281 deierat,
1002 1201 1073 1265 dico
1089 1199 1277 1279 Caecilium,
1301 1197 1436 1282 Apollo-

219 1306 289 1370 dori
312 1305 507 1387 Pergameni
530 1305 723 1388 discipulum
735 1304 768 1389 ¹),
796 1305 852 1386 qui
874 1302 961 1387 quod
984 1309 1099 1368 contra
1121 1308 1220 1384 atque
1242 1302 1313 1386 ipse
1336 1301 1436 1365 sensit

218 1429 374 1474 canonem
394 1409 526 1490 recepit,
550 1428 584 1471 se
606 1406 736 1472 scholae
759 1407 880 1490 placita
903 1406 998 1471 anxie
1018 1405 1133 1489 pieque
1157 1404 1262 1469 colere
1285 1403 1436 1469 ostendit.

218 1531 323 1593 neque
346 1531 422 1574 vero
444 1509 532 1592 quod
554 1510 602 1573 ita
625 1509 853 1590 conclusimus,
877 1506 1063 1572 inductione
1086 1529 1184 1591 quam
1206 1514 1324 1572 vocant
1346 1506 1441 1590 logici

218 1633 282 1676 non
302 1617 411 1696 potest
432 1611 559 1694 conligi.

305 1715 384 1779 Fuit
398 1709 580 1796 Pergamus
600 1712 700 1778 Asiae
714 1713 793 1777 urbs
811 1712 1021 1796 amplissima,
1038 1711 1260 1777 Alexandriae
1274 1713 1309 1776 in
1324 1711 1442 1777 litteris

220 1818 364 1883 colendis
381 1817 509 1881 aemula
524 1818 619 1900 longe
630 1814 926 1902 celebratissima.⁹)
956 1815 1032 1879 illuc
1043 1814 1186 1897 undique
1199 1816 1259 1880 viri
1271 1815 1358 1881 docti
1371 1836 1442 1879 oon-

219 1919 381 1984 fluxerunt
404 1920 445 1984 ad
461 1920 552 1984 varia
567 1919 677 1984 studia
692 1918 874 1983 haurienda
889 1925 921 1983 et
937 1917 1197 2002 promovendal)
1230 1917 1297 1982 illic
1308 1917 1443 2000 perinde

219 2028 317 2104 atque
341 2020 563 2088 Alexandriae
584 2022 849 2086 Ptolomaeorum
872 2021 1064 2085 Attalorum
1080 2041 1206 2085 summa
1222 2018 1442 2085 munificentia

220 2124 352 2188 condita
387 2129 420 2187 et
456 2129 621 2188 exstructa
657 2129 705 2187 est
739 2123 952 2203 bibliotheca,
993 2144 1078 2206 quae
1111 2144 1185 2187 cum
1218 2121 1444 2187 Alexandrina

218 2225 313 2290 facile
335 2226 438 2308 possit
459 2232 534 2291 cont
520 2226 620 2291 tendi.
665 2227 731 2290 iam
753 2248 828 2290 vero
843 2226 882 2289 iis
896 2225 974 2308 ipsis
989 2225 1077 2305 locis,
1093 2225 1211 2307 quibus
1227 2225 1442 2289 bibliothecae

220 2334 314 2393 erant
334 2329 448 2393 instiut
401 2334 520 2410 u1tae,
550 2329 710 2393 cernimus
738 2349 777 2392 ex
803 2349 921 2412 magno
951 2328 1144 2410 scriptorum
1166 2349 1300 2392 numero
1321 2349 1442 2410 paucos

219 2501 422 2512 ...β-

308 2616 329 2684 ¹)
348 2616 382 2670 cf.
403 2615 645 2671 Th.Burckhardt
668 2618 685 2669 l.
704 2617 721 2669 l.
740 2634 767 2685 p.
786 2616 811 2681 5,
831 2615 876 2668 cui
896 2616 955 2668 sere
975 2631 1072 2668 omnes
1089 2616 1142 2668 viri
1156 2615 1232 2668 docti
1246 2616 1443 2684 astipulantur.

307 2702 329 2769 ¹)
345 2703 375 2754 in
401 2703 500 2770 primis
527 2704 641 2770 praeter
668 2701 819 2769 Wegeneri
846 2702 951 2754 librum
975 2701 1018 2766 ,de
1042 2702 1104 2754 aula
1128 2703 1256 2754 Attalica
1282 2703 1443 2756 litterarum

218 2789 377 2855 artiumque
396 2789 532 2853 fautrice,
551 2789 605 2840 vol.
618 2787 723 2856 l(un.)
741 2787 834 2840 Haun
855 2788 922 2840 1836
947 2787 1000 2840 huc
1013 2787 1136 2851 faciunt
1160 2794 1233 2854 quae'
1250 2785 1444 2841 disseruerunt

218 2874 271 2926 viri
297 2874 454 2926 doctissimi
487 2874 517 2926 C.
545 2873 758 2936 Wachsmuth,
777 2873 812 2926 de
845 2873 961 2927 Cratete
987 2873 1116 2936 Mallote,
1151 2872 1217 2925 diss.
1244 2872 1334 2925 Bonn
1364 2875 1444 2939 1860;

218 2959 253 3010 A.
285 2958 496 3022 Reifferscheid,
523 2958 581 3012 ind.
612 2957 729 3011 Vratisl
759 2960 882 3026 laenam
912 2958 943 3012 U.
973 2958 1007 3012 de
1036 2957 1237 3012 Wilamowitz-
1239 2957 1444 3024 Moellendorff,

221 3044 382 3112 Antigonus
402 3061 456 3096 von
476 3044 583 3112 Karyst
586 3044 681 3112 os(=
694 3042 797 3098 Philol.
811 3043 927 3098 Unters.
946 3064 970 3099 v.
984 3044 1087 3103 Kiessl.
1090 3043 1215 3097 ·Wilam.
1236 3044 1336 3113 IV)p.
1357 3047 1443 3113 lsqq.

307 3129 522 3195 ⁸)Alexandria
552 3132 597 3195 (ut
626 3129 770 3196 Carystius
801 3129 914 3184 Sotadis
944 3130 1043 3198 filius),
1079 3129 1200 3183 Athenis
1237 3130 1442 3199 (Apollodorus

216 3214 352 3284 χρονικῶν
383 3219 504 3284 auctor),
535 3214 707 3269 Cassandrea
739 3217 896 3284 (Artemo),
929 3215 1029 3283 Cyzico
1066 3215 1248 3283 (Neanthes),
1279 3217 1442 3284 Colophone

218 3300 392 3369 (Nicander),
412 3301 523 3370 Epheso
536 3301 678 3369 (Musaeus
692 3301 795 3369 epicus,
818 3301 1018 3354 Artemidorus
1036 3301 1143 3366 histor,
1162 3301 1318 3356 Menander
1335 3304 1441 3368 histor,

218 3386 384 3440 Philonides
401 3386 511 3455 math.)
529 3387 628 3442 Mileto
647 3386 824 3454 (Alexander
841 3386 961 3454 Polyh.,)
979 3385 1122 3441 Telmessc
1141 3387 1322 3457 (Daphidas),
1340 3388 1442 3442 Rhodo

218 3471 405 3540 (Panaetius),
434 3473 524 3542 Perga
552 3472 731 3542 (Apollonius
766 3489 813 3524 ma
814 3471 881 3541 t.‚h)
915 3472 1002 3526 Mallo
1030 3473 1153 3540 (Crates,
1185 3473 1315 3528 Zenodot
1303 3477 1349 3528 tus
1376 3473 1442 3528 Cra·

218 3559 260 3610 tet
263 3559 340 3627 eus),
365 3557 452 3611 Tarso
478 3558 692 3627 (Athenodorus
716 3557 803 3610 Stoic
825 3557 979 3627 biblioth),
1004 3557 1077 3612 Solis
1101 3559 1182 3630 (Milo
1207 3560 1253 3628 pic
1255 3562 1325 3628 t,or)
1348 3559 1441 3614 Adra·

218 3646 278 3711 myt
280 3644 320 3696 tio
343 3643 442 3712 Syriae
464 3643 636 3712 (Demetrius
658 3643 721 3697 Ixio
745 3645 892 3713 gramm),
920 3645 1060 3698 Ascalone
1088 3645 1136 3712 (Pt
1124 3646 1280 3699 tolomaeus
1302 3647 1442 3715 gramm),

218 3729 362 3797 Babylone
380 3728 570 3798 (Herodions).
594 3729 734 3799 Pergamo
747 3730 905 3783 studiorum
917 3729 1079 3784 rudimenta
1091 3735 1139 3784 aut
1151 3732 1291 3786 rationein
1309 3731 1443 3786 videntur

218 3814 385 3882 repetivisse
407 3813 570 3868 Demetrius
593 3832 711 3884 gramm.
735 3818 763 3868 et
781 3814 962 3870 Metrodorus
985 3816 1071 3870 Acad.
1096 3819 1125 3869 et
1142 3817 1240 3870 rhetor
1262 3817 1367 3886 Scepso
1384 3819 1441 3870 orti

220 3918 255 3954 ex
274 3900 343 3953 urbe
356 3917 445 3970 prope
457 3899 633 3969 Pergamum,
653 3902 731 3954 cuius
744 3901 774 3953 in
786 3901 898 3955 dicione
911 3905 980 3968 erat,
1000 3902 1054 3955 sita
1066 3900 1183 3971 (Strabo
1196 3901 1273 3957 XIII
1284 3921 1311 3971 p.
1325 3905 1376 3956 609
1390 3903 1440 3972 C),

217 4003 304 4054 porro
327 3984 445 4040 Polemo
469 3985 594 4051 Iliensis,
618 3983 760 4040 Xenocles
780 3990 809 4040 et
827 3985 968 4040 Diodorus
988 3986 1171 4055 Adramyttio
1189 3987 1296 4055 Mysiae
1313 3989 1441 4057 profecti,

218 4070 424 4140 Neoptolemus
443 4070 580 4124 Parianus
599 4071 704 4141 (Strab.
718 4071 795 4126 XIII
813 4091 839 4140 p.
853 4073 905 4126 588
914 4073 957 4140 C.)
976 4072 1113 4140 multique
1131 4071 1301 4140 Mytilenaei,
1320 4091 1440 4142 quorum

218 4174 282 4211 cum
295 4156 478 4226 Pergamenis
490 4157 604 4226 propria
618 4163 693 4212 esset
706 4158 873 4211 Atticorum
882 4158 1014 4224 imitatio,
1027 4161 1059 4211 ut
1070 4158 1233 4226 Diophanes
1246 4158 1308 4214 Tib.
1322 4160 1440 4214 Gracchi

216 4246 386 4313 praeceptor
414 4245 443 4297 et
469 4242 618 4297 Lesbonax
645 4243 811 4298 Atticorum
839 4245 869 4297 in
891 4245 991 4313 primis
1015 4244 1164 4298 studiosus.
1208 4244 1440 4312 probabilitatem

217 4327 339 4395 denique
361 4345 419 4380 non
436 4328 548 4382 videtur
567 4329 704 4382 excedere
722 4329 808 4382 etiam
827 4329 1035 4399 Hermagoram
1052 4329 1201 4385 'samnium
1220 4331 1312 4400 aliqua
1329 4332 1439 4386 ratione

216 4413 398 4466 coniunctum
415 4413 504 4468 luisse
521 4431 583 4466 cum
602 4413 843 4484 Pergamenorum
861 4415 970 4470 studiis.
