3362 5216
708 323 910 430 ,A

189 533 354 619 Diogenes
376 533 486 601 Laert.
510 532 549 600 Π
573 539 601 616 5,
624 539 675 616 47,
698 536 753 602 nbi
774 537 860 601 inter
882 535 1066 604 Socraticos
1089 537 1247 620 dignitate
1270 535 1412 621 reliquos

190 640 382 722 praecedere
398 640 570 704 Platonem
582 640 837 722 Xenophontem
849 642 1080 706 Antisthenem
1096 640 1185 726 (τοὺς
1199 639 1411 727 κοροφαιοτοί·

189 742 276 827 τους)
300 743 420 821 docuit,
444 749 689 806 commemorat:
735 745 800 806 τῶν
822 739 1003 828 φερομένων
1025 742 1104 809 δέκα
1126 738 1155 806 οἳ
1180 742 1412 830 διασημότατοι

189 841 353 930 τέσσαρες·
385 840 544 930 Αἰσχίνης
581 841 714 908 Φαίδων
743 840 915 932 Εὐκλείδης
942 841 1212 931 Ἀρίστιππος.)
1251 845 1412 910 delectum

190 946 289 1010 fuisse
319 946 408 1010 illam
432 946 586 1011 decadem
609 948 859 1030 hincapparet,
888 948 976 1031 quod
999 948 1117 1014 Suidas
1140 969 1164 1011 s.
1189 969 1217 1010 ν.
1240 946 1411 1035 Σωκράτης

189 1048 292 1112 multo
324 1050 464 1112 maiores
497 1048 737 1114 Socraticorum
769 1071 918 1116 numeros
949 1051 1094 1129 exhibet,
1127 1071 1203 1114 narn
1234 1057 1267 1115 et
1297 1052 1411 1134 viginti

190 1150 271 1214 duos
294 1157 464 1216 enumerat
487 1150 672 1217 Socraticos
696 1158 737 1232 et,
768 1172 863 1233 quem
891 1151 1041 1235 adiungit
1064 1153 1219 1218 minorem
1241 1175 1412 1218 numerum

191 1252 433 1319 Socraticorum
476 1254 618 1319 Athenis
660 1261 827 1335 natorum,
871 1255 941 1337 ipse
986 1255 1094 1338 explet
1137 1255 1300 1322 decadem,
1355 1255 1411 1320 sed

192 1357 322 1438 quando
345 1359 524 1422 constItuta
547 1358 589 1421 sit
610 1357 722 1436 desae,
752 1357 824 1438 quis
848 1363 961 1422 auctor
982 1357 1093 1437 fuerit,
1122 1379 1142 1421 a
1170 1379 1234 1440 quo
1257 1357 1411 1423 Laertius

191 1479 260 1522 eam
294 1461 467 1542 receperit,
504 1481 568 1527 non
601 1459 697 1524 facile
730 1460 934 1542 exploratum
968 1461 1078 1541 itaque
1112 1459 1151 1523 de
1183 1459 1245 1524 hac
1279 1461 1411 1542 quidem

191 1560 312 1626 decade
335 1559 456 1642 ἕντίχιος
485 1561 527 1625 ad
550 1568 675 1626 ceteras
696 1567 838 1626 transeo.
861 1599 904 1609 -
925 1563 1001 1628 tulit
1022 1567 1163 1626 aetatem
1184 1562 1411 1628 historicorum

192 1684 294 1727 canon
317 1665 417 1728 mirus
440 1664 494 1727 ille
518 1663 658 1747 quidem,
683 1685 747 1747 quo
771 1665 977 1730 eontinentur
1000 1663 1206 1748 Thucydides
1222 1665 1411 1729 Herodotus

190 1766 377 1849 Xenophon
389 1766 546 1830 Philistus
559 1765 788 1850 Theopompus
801 1767 953 1849 Ephorus
961 1766 1182 1832 Anaximenes
1195 1765 1411 1832 Callisthenes

191 1869 383 1935 Hellanicus
405 1869 560 1953 Polybius
584 1869 666 1953 (tab.
690 1869 784 1934 Bodl.
809 1890 859 1953 ap.
877 1868 986 1934 Oram.
999 1870 1124 1935 Anecd.
1143 1869 1202 1936 Gr.
1217 1870 1270 1937 IV
1285 1893 1316 1955 p.
1335 1875 1409 1948 1973
1518 1915 1519 1918 =

189 1973 256 2036 tab.
280 1971 379 2037 Ooisl.
403 1993 453 2054 ap.
476 1972 606 2036 Fabric.
629 1971 707 2036 bibl.
730 1971 786 2035 IX
808 1994 839 2054 p.
857 1973 948 2058 600),
972 1993 1068 2055 quem
1088 1972 1218 2055 Hampe
1239 1994 1343 2056 neque
1369 1974 1409 2037 ab

191 2074 421 2138 Alexandrinis
444 2094 548 2158 neque
571 2074 612 2139 ab
635 2075 847 2156 grammatico
868 2075 1089 2158 proximorum
1111 2076 1314 2139 saeculorum
1336 2096 1410 2138 con·

191 2176 339 2241 stitutum
362 2197 431 2242 esse
454 2176 630 2256 contendit,
652 2182 827 2260 propterea
849 2176 938 2259 quod
959 2195 1120 2258 nusquam
1141 2178 1208 2241 eius
1229 2179 1349 2242 mentio
1364 2179 1411 2242 in·
1464 2175 1469 2192 '

191 2279 313 2346 ciderit.
358 2284 457 2362 atque
480 2279 540 2343 hoc
562 2301 639 2344 sane
663 2281 876 2344 certissimum
899 2284 948 2343 est
969 2284 1044 2362 post
1057 2279 1230 2362 Polybium
1245 2286 1409 2344 mortuum

190 2402 262 2446 eum
285 2401 355 2446 esse
378 2381 576 2461 confectum,
605 2385 696 2446 cuius
719 2383 819 2446 vitam
840 2403 913 2446 cum
934 2383 1020 2446 inter
1043 2384 1108 2445 204
1129 2387 1161 2446 et
1186 2387 1245 2446 122
1269 2384 1411 2447 co‘erceri

189 2484 301 2548 uolunt
323 2483 382 2548 riri
397 2483 524 2570 doctu),
549 2485 722 2550 terminum
736 2486 847 2550 nancti
862 2505 982 2564 eumue,
1005 2489 1188 2566 postquem
1205 2505 1307 2549 canon
1323 2490 1411 2549 certo

190 2587 385 2670 compositus
415 2593 472 2651 est.
515 2588 581 2651 iam
611 2610 687 2652 vero
718 2609 793 2652 cum
823 2586 996 2669 Polybium
1026 2588 1060 2650 in
1087 2587 1200 2652 ordine
1232 2588 1410 2652 constituto

189 2709 282 2754 nemo
306 2688 526 2772 subsequatur
546 2689 728 2770 historicus,
751 2710 949 2773 quamquam
971 2689 1204 2771 posterioribus
1221 2689 1339 2754 criticis
1355 2689 1411 2753 alii

189 2791 281 2855 multi
304 2791 541 2874 probabantur,
565 2792 653 2858 velut
676 2793 869 2876 Timagenes
892 2790 1130 2875 aQuintiliano
1155 2791 1193 2855 X
1219 2796 1302 2872 1,75
1325 2793 1410 2856 inter

188 2895 325 2976 optimos
347 2915 509 2976 recensus
532 2915 596 2960 non
617 2897 665 2959 ita
680 2896 782 2959 multo
798 2899 872 2978 post
887 2893 1060 2977 Polybium
1074 2897 1239 2958 mortuum
1253 2915 1409 2958 canonem

188 2995 277 3059 illum
306 2997 340 3060 in
364 2998 471 3061 lucem
498 2997 657 3080 prodiisse
686 2997 878 3062 coniecerim
907 3017 1010 3079 eoque
1038 2997 1144 3060 minus
1173 2995 1300 3074 dubito,
1330 2997 1409 3079 quin

187 3099 290 3181 primo
313 3104 389 3163 ante
412 3099 580 3165 Christum
602 3099 731 3164 saeculo
753 3118 908 3164 canonem
932 3097 1108 3182 adsignem,
1132 3097 1220 3180 quod
1242 3098 1408 3181 Polybius„

188 3201 243 3282 qui
272 3201 361 3283 apud
389 3200 517 3267 Stoicos
544 3203 747 3286 potissimum
777 3206 809 3265 et
831 3201 997 3265 Romanos
1027 3206 1106 3266 tunc
1132 3221 1259 3264 summa
1280 3200 1410 3266 valebat

188 3304 384 3368 auctoritate
418 3303 559 3388 (Bergk,
588 3304 686 3371 GLG
716 3304 735 3368 Ι
768 3304 859 3388 289),
891 3303 1053 3367 veteribus
1079 3303 1240 3368 historicis
1273 3309 1323 3368 est
1353 3303 1409 3367 ad·

187 3405 325 3469 iunctus.
372 3427 412 3470 ne
446 3406 488 3471 ad
521 3406 677 3472 inferiora
709 3406 839 3470 saecula
871 3403 1119 3487 descendamus,
1152 3409 1263 3469 monet
1295 3406 1409 3487 utique

188 3508 270 3574 alter
285 3509 515 3575 historicorum
537 3510 728 3594 recensus3),
752 3509 807 3593 qui
829 3508 923 3572 valde
947 3513 1119 3591 corruptus
1134 3511 1266 3591 praeter
1281 3505 1410 3592 Thucy·

192 3683 394 3694 —--·-.—

275 3781 296 3850 ¹)
314 3781 367 3834 hoc
395 3782 487 3834 solum
513 3780 567 3836 Ed.
595 3781 696 3845 Ideier,
723 3780 832 3834 Andoc.
859 3779 904 3834 lv
930 3782 946 3832 7
980 3781 1024 3848 (=
1052 3779 1153 3848 Opusc.
1169 3778 1195 3839 ,Ι
1223 3778 1284 3846 127)
1311 3777 1409 3831 attulit

190 3867 361 3935 exemplum,
390 3884 444 3933 quo
473 3867 571 3920 decem
600 3871 727 3920 oratores
756 3883 773 3918 a
795 3867 878 3920 docto
903 3866 1024 3933 quodam
1046 3865 1107 3917 viro
1129 3863 1264 3933 (Caecilio
1288 3879 1322 3915 ex
1349 3863 1409 3916 eius

191 3955 341 4022 sententia)
350 3953 379 4005 in
392 3969 540 4006 numerum
552 3953 656 4006 relatos
669 3969 728 4006 esse
741 3952 946 4020 comprobaret,
959 3951 1065 4006 dicens:
1084 3967 1128 4016 ‚an
1140 3949 1304 4004 Socraticae
1317 3953 1410 4003 sectae

190 4038 264 4105 quod
282 4039 379 4093 decem
397 4040 575 4108 potissimum
594 4039 678 4091 etiam
697 4038 776 4106 ipsae
794 4041 957 4090 numeratae
976 4041 1055 4103 sunt,
1074 4053 1131 4090 non
1144 4036 1294 4090 doctorum
1307 4039 1409 4105 arguto

190 4125 308 4179 acumini
327 4124 472 4180 debeturl‘

276 4211 299 4282 ²)
317 4213 471 4267 novissime
494 4211 529 4264 de
551 4209 664 4278 Polybii
687 4211 780 4262 aetate
803 4209 938 4264 disseruit
960 4207 993 4262 n.
1012 4207 1125 4273 nonde,
1148 4206 1253 4261 NRhllI
1275 4205 1409 4261 XXXIII

190 4314 213 4364 p.
232 4299 291 4352 218.

135 4447 138 4452 ¹
274 4383 296 4452 8)
319 4382 376 4438 tab.
402 4383 484 4436 Bodl.
512 4383 530 4435 l.
559 4383 576 4435 l.
603 4399 630 4450 p.
664 4381 724 4434 195:
756 4377 817 4433 liuor
844 4385 953 4454 γραφεῖς
977 4376 1060 4446 drove)
1090 4379 1120 4448 (l.
1147 4375 1240 4452 ἤγουν)
1273 4379 1409 4452 ἱστορικοί,

192 4466 356 4536 Θονκυδίδης.
379 4464 539 4542 Ἡρόδοτος.
563 4465 699 4538 Ξενοφῶν.
728 4462 870 4539 clypei-edas
888 4463 1034 4536 (Φίλιππος
1051 4461 1065 4518 ὁ
1086 4463 1246 4538 Θεαγγείεύτ
1267 4467 1285 4518 l.
1304 4465 1408 4531 (Iram.)

190 4548 356 4630 ἀρχάγγελος.
383 4553 554 4624 Δομετιανός.
593 4553 727 4622 Θεότιμος.
759 4556 905 4623 Στέφανος.
946 4550 1046 4619 Μηνάτ.

1239 4655 1258 4705 4
