3362 5216
779 229 821 291 63

193 428 358 514 generales
386 453 458 498 cum
486 430 551 498 alie
585 439 654 497 tum
682 453 783 515 genus
812 431 940 500 dicendi
970 440 1002 498 et
1028 433 1189 499 scribendi
1218 440 1410 518 spectantes¹

193 536 404 601 Artemonem
432 537 608 618 rhetorem,
643 557 739 620 quem
766 537 895 620 saepius
929 537 1008 601 citat
1035 537 1157 604 Seneca
1184 537 1312 618 rhetor,
1342 539 1411 603 iure

194 638 316 705 Nicetis
342 659 370 701 c.
401 641 441 702 30
470 659 500 703 a.
529 638 589 705 Oh.
615 640 753 723 vigentis
780 638 948 720 aequalem
981 639 1079 702 fuisse
1112 639 1281 704 confirmat
1312 641 1411 724 Hugo

193 740 443 826 Buschmann.¹)
476 741 580 806 multa
595 740 712 806 deinde
732 741 775 805 ad
792 748 896 806 artem
912 741 1106 806 rhetoricam
1123 743 1233 806 attulit
1249 741 1414 825 Telephus

194 842 414 925 Pergamenus
448 841 620 909 Orateteus
656 844 711 927 (cf.
741 844 832 910 Suid.
869 865 894 907 s.
924 844 978 928 v.),
1012 865 1116 926 neque
1147 849 1256 908 tamen
1283 849 1412 908 constat

194 966 264 1011 eum
286 946 372 1010 illius
394 945 493 1010 fuisse
514 947 645 1026 aetatis,
669 968 745 1010 nam
767 947 848 1011 duos
871 953 957 1011 certe
974 945 1145 1030 TelephoS,
1169 967 1307 1027 quorum
1329 945 1413 1010 alter

193 1047 354 1112 Hadriani
397 1053 506 1114 aetate
547 1047 673 1130 floruit,
716 1050 801 1115 inter
836 1070 869 1113 se
906 1048 1075 1114 confundit
1105 1046 1233 1115 Suidas.
1289 1049 1411 1112 maiore

193 1149 260 1214 iure
278 1150 360 1214 .huc
396 1150 535 1216 refertur
569 1151 775 1217 Democritus
809 1152 1040 1234 Pergamenus,
1083 1151 1139 1233 qui
1181 1172 1201 1214 a
1244 1152 1412 1215 Demetrio

193 1251 343 1334 Magnete
380 1279 418 1318 π.
456 1247 552 1335 ὁμων.
589 1276 619 1336 p.
659 1257 698 1318 61
737 1249 892 1320 Scheurl.'
921 1255 1006 1318 inter
1041 1253 1247 1317 Democritus
1280 1253 1412 1317 ultimus

193 1355 323 1420 citetur:
361 1352 453 1431 ἕκτος
482 1353 688 1442 Περγαμηνὸς
719 1350 789 1422 ἀπὸ
822 1359 996 1443 ῥητορικῶν
1026 1351 1136 1439 λόγων.
1188 1376 1261 1419 cum
1294 1355 1412 1420 Deme-

191 1458 272 1522 trius
310 1457 475 1524 Ciceronis
503 1458 614 1524 luerit
657 1459 818 1541 aequalis,
862 1458 1085 1523 Democritum
1129 1463 1205 1522 ante
1246 1456 1412 1523 Ciceronis

192 1565 338 1644 tempora
371 1563 510 1644 viguisse
541 1560 747 1626 manifestum
778 1567 841 1638 est3
877 1560 1015 1626 eundem
1045 1560 1271 1626 Democritum
1302 1560 1412 1623 memi-

193 1663 276 1726 neris
295 1663 453 1729 Meierum
468 1665 605 1730 voluisse
627 1664 661 1728 in
676 1663 845 1746 pinacibus
861 1663 1066 1728 conficiendis
1083 1663 1208 1728 Crateti
1224 1661 1266 1726 ad
1281 1684 1412 1726 manum

191 1765 297 1831 luisse.
349 1767 491 1850 adiungo
531 1767 734 1832 notissimum
773 1766 863 1830 illum
898 1765 1125 1830 Alexandrum
1162 1765 1410 1846 Polyhistorem,

193 1887 286 1950 quem
301 1890 498 1952 quamquam
520 1892 593 1935 cnm
606 1868 796 1934 Alexandro
813 1868 948 1951 Lychno
963 1869 1093 1935 rhetore
1109 1867 1252 1951 Ephesio
1274 1867 1410 1932 eundem

193 1969 290 2035 fuisse
312 1972 391 2036 mihi
414 1993 477 2036 non
499 1972 663 2054 persuasit
678 1972 841 2054 Wegener
862 1991 893 2053 p.
918 1975 980 2034 200
1003 1994 1033 2035 n.
1054 1975 1102 2050 11,
1119 1976 1228 2034 tamen
1250 1969 1292 2034 ad
1307 1975 1411 2034 artem

194 2071 389 2138 rhetoricam
423 2073 659 2155 aliquantulum
693 2073 867 2138 contulisse
900 2073 1000 2140 verba
1035 2094 1074 2137 ex
1106 2073 1189 2137 libro
1227 2073 1410 2154 argumenti

192 2175 345 2240 rhetorici
367 2175 539 2261 desumpta
562 2176 676 2262 (schol.
699 2175 854 2259 Hermcg.
878 2197 971 2241 στασ.
995 2197 1022 2240 c.
1048 2181 1085 2240 17
1110 2175 1202 2240 codd.
1226 2175 1352 2239 Monac.
1378 2180 1410 2238 et

193 2276 297 2341 Paris.
324 2278 358 2342 in
386 2278 450 2344 Rh.
483 2277 542 2344 Gr.
571 2279 641 2346 VII
675 2283 691 2342 1
718 2301 750 2362 p.
782 2283 843 2343 245
871 2279 942 2364 W.)
970 2279 1121 2344 videntur
1145 2277 1290 2342 indicare
1314 2278 1408 2342 haec:

192 2372 209 2442 ὁ
241 2375 347 2443 τοίνυν
378 2373 581 2467 Ἀλέξανδρος
613 2376 631 2445 ὁ
658 2379 850 2466 Πολυΐστωρ
882 2375 983 2462 ὄνομα
1016 2376 1095 2460 ἔχων
1129 2378 1230 2454 οὕτως
1262 2375 1408 2465 ὁρίζεται·

193 2477 353 2567 διαίρεσις,
377 2480 467 2570 φησί,
491 2480 560 2548 ἐστὶ
582 2482 664 2571 τομὴ
686 2487 753 2548 ,τοῦ
776 2481 979 2570 περιέχοντος
994 2481 1169 2570 ζητήματος
1190 2479 1236 2557 εἰς
1257 2481 1299 2546 τὰ
1322 2505 1409 2568 περι-

192 2581 323 2666 εχόμενα
356 2583 531 2674 ζητήματα,
568 2581 588 2674 ἢ
619 2586 701 2674 τομὴ
726 2590 783 2651 τοῦ
811 2583 1049 2670 συνεζευγμένον
1082 2583 1262 2672 ζητήματος
1290 2578 1336 2657 εἰς
1368 2581 1410 2648 τὰ

194 2686 417 2773 συνεζευγμένα
439 2687 611 2777 ζητήματα.
657 2690 799 2755 succedit
813 2690 981 2771 aliquanto
997 2689 1105 2753 notior
1125 2688 1236 2752 rhetor
1251 2692 1284 2750 et
1298 2692 1410 2750 orator

193 2791 424 2874 Pergamenus,
448 2791 520 2856 dico
536 2791 710 2874 Isidorum,
733 2793 789 2875 qui
812 2793 846 2856 in
868 2812 1002 2856 numero
1026 2812 1145 2871 eorum,
1170 2791 1226 2873 qui
1247 2788 1409 2870 aGorgia

192 2894 227 2957 iu
253 2894 371 2960 Rutilii
406 2895 566 2977 excerptis
601 2894 795 2960 adferuntur
831 2895 884 2980 (II
913 2900 951 2958 16
978 2893 1021 2958 ad
1046 2893 1246 2956 antithesecs
1271 2891 1409 2974 figuram

194 2996 462 3082 inlustrandam),
486 3003 535 3060 est
556 2999 811 3075 recentissimum
835 3004 915 3062 natu
937 2998 1023 3062 enim
1044 2997 1150 3060 minor
1173 3001 1243 3058 erat
1263 2994 1410 3058 Atheno-

194 3098 273 3164 doro
287 3099 492 3182 Pergameno
515 3099 571 3164 illo
594 3099 713 3181 Stoico,
737 3102 793 3184 qui
812 3100 937 3165 Romae
958 3100 992 3163 in
1015 3097 1149 3164 Catonis
1172 3099 1267 3163 domo
1290 3096 1410 3181 obiit.²)

194 3201 336 3266 omnium
359 3223 434 3266 vero
457 3201 733 3284 Pergamenorum
756 3203 931 3283 rhetorum,
955 3202 1010 3285 qui
1034 3207 1111 3266 ante
1132 3201 1271 3279 fuerant,
1295 3199 1409 3266 laudes

197 3303 324 3369 videtur
367 3305 559 3370 obscurasse
602 3306 652 3370 vir
694 3306 809 3370 summi
846 3307 879 3370 in
916 3305 1012 3369 rebus
1048 3303 1218 3368 rhetoricis
1255 3303 1409 3367 momenti

192 3406 414 3489 Apollodorus
438 3407 705 3494 Pergamenus³),
737 3409 794 3491 qui
817 3415 941 3492 quanta
969 3407 1056 3490 apud
1083 3406 1235 3489 aequales
1262 3405 1409 3469 floruerit

191 3581 393 3588 -—...--.—.-..

278 3694 299 3762 ¹)
318 3695 543 3752 Charekteristik
566 3699 616 3752 der
639 3697 744 3766 griech.
769 3697 915 3752 lthetcren
938 3698 1011 3752 beim
1031 3696 1141 3752 Rhetcr
1167 3697 1286 3762 Seneca,
1312 3714 1406 3766 progr.

189 3796 283 3848 gymu.
302 3781 443 3837 Parchim.
463 3786 531 3839 1878
548 3802 575 3852 p.
595 3787 618 3837 8.

277 3867 300 3936 ²)
319 3868 484 3938 Wegeueri,
514 3869 562 3937 qui
586 3868 804 3922 Athenodorum
827 3868 942 3921 circiter
969 3867 1005 3922 ab
1028 3885 1051 3922 a.
1078 3868 1127 3922 172
1154 3885 1242 3936 usque
1267 3867 1302 3920 ad
1326 3884 1350 3921 a.
1373 3868 1427 3920 87-

190 3953 277 4006 vitam
299 3955 467 4022 produxisse
491 3955 1166 4024 computavit,temporumcircumscriptionem
1190 3954 1272 4008 reicit
1290 3953 1407 4017 Piderit,

188 4039 224 4092 de
248 4041 425 4108 Apollodoro
448 4041 623 4110 Pergameno
651 4045 681 4093 et
703 4040 852 4094 Theodoro
876 4040 1032 4093 Gadarenei
1058 4041 1236 4106 rhetoribus,
1263 4039 1407 4108 llarburg.

188 4141 284 4194 progr.
305 4129 371 4181 1842
388 4146 415 4196 p.
434 4131 458 4194 9,
478 4144 533 4195 quo
551 4127 642 4180 iudice
660 4131 725 4194 post
742 4129 776 4179 66
797 4127 910 4181 demum
928 4127 1132 4180 Athenodorus
1150 4127 1226 4180 diem
1245 4143 1406 4194 supremum

189 4211 268 4265 obiit.

276 4299 298 4368 ⁸)
317 4299 376 4352 eius
396 4302 519 4352 aetatem
536 4297 707 4351 Pideritium
727 4297 744 4350 l.
763 4297 781 4349 l.
800 4302 912 4352 secutus
929 4302 1007 4353 reete
1025 4298 1118 4363 Blass,
1141 4297 1192 4350 GB
1213 4298 1261 4350 155
1279 4297 1321 4349 ita
1339 4295 1406 4350 defi·

187 4385 273 4450 nivit,
293 4388 324 4438 ut
343 4401 365 4439 e.
384 4386 418 4436 20
436 4402 459 4437 a.
476 4385 525 4438 Oh.
545 4388 701 4448 mortuum,
720 4384 814 4452 paullo
832 4388 899 4437 ante
919 4386 968 4437 100
986 4387 1084 4438 natum
1102 4400 1164 4437 esse
1183 4400 1246 4436 eum
1265 4384 1406 4435 statuerit.

187 4470 223 4524 de
243 4473 300 4523 eius
318 4471 378 4526 uita
392 4470 539 4539 discipulis
552 4469 704 4539 disciplina
716 4470 887 4523 auctoritate
905 4474 1018 4540 praeter
1036 4469 1204 4523 Pideritium
1220 4474 1248 4522 et
1263 4469 1405 4522 Blassium
