3362 5216
726 231 927 330 A...

218 434 346 500 dicendi
380 433 592 500 alienissimos
626 433 725 500 fuisse
759 433 874 502 Oicero
909 437 1071 514 testatuu‘,
1109 434 1212 499 solum
1248 433 1282 498 id
1318 433 1436 515 conligi

217 538 323 622 potuit
361 558 517 604 canonem
551 538 738 604 Atticorum
782 542 861 603 tuno
903 537 1072 621 temporis,
1121 538 1183 602 hcc
1227 543 1276 602 est
1320 558 1349 601 a.
1393 541 1432 601 91

217 661 247 706 e.
260 639 331 722 Oh,
353 661 417 724 quo
439 661 619 708 sermonem
641 639 756 705 haberi
771 639 884 706 Cicero
907 640 995 720 iacit,
1021 661 1093 706 curn
1109 641 1251 706 nondum
1267 639 1345 706 satis
1361 661 1434 724 pro·

217 742 360 825 baretur,
383 764 451 808 esse
474 743 665 827 neglectum.
700 743 812 828 itaque
827 741 906 808 locis
927 763 1008 827 quos
1031 743 1142 808 attulit
1164 743 1256 808 nobis
1277 765 1341 808 non
1362 764 1433 827 per-

217 846 320 912 suasit
340 847 375 912 id
397 844 485 930 quod
505 845 608 910 voluit
628 844 760 913 Steffen.
799 866 904 931 neque
928 847 1057 911 omnino
1087 847 1166 911 mihi
1195 869 1267 911 cum
1290 846 1434 913 Steffeno

217 951 375 1016 convenit.
403 949 492 1016 nullo
507 949 640 1033 quidem
655 949 726 1015 loco
735 947 917 1016 Andocidis
927 955 959 1015 et
974 949 1061 1015 Isaei
1079 949 1194 1016 Cicero
1208 950 1288 1015 facit
1300 951 1434 1014 mentio·

217 1074 299 1134 nem,
320 1073 479 1136 nusquam
493 1051 622 1118 disertis
642 1052 748 1118 verbis
771 1052 924 1119 decadem
946 1059 1184 1134 commemorat,
1208 1053 1309 1118 nihilo
1324 1060 1433 1118 tamen

216 1156 321 1222 minus
347 1155 456 1222 multis
483 1155 562 1222 locis
588 1153 749 1221 adductus
771 1156 799 1221 si
820 1178 885 1221 non
906 1155 1073 1235 decadem,
1105 1162 1140 1220 at
1172 1177 1247 1222 vero
1273 1157 1434 1222 delectum

217 1259 378 1342 quendam
393 1263 559 1324 oratorum
573 1257 762 1324 Atticorum
776 1257 966 1326 Ciceronem
980 1258 1105 1324 novisse
1122 1258 1257 1324 confido.
1295 1260 1433 1342 primum

217 1361 381 1430 Ciceronis
403 1361 526 1445 scripta
546 1362 661 1427 leviter
680 1367 809 1428 tentum
830 1361 1088 1446 pervolutantem
1109 1383 1174 1428 non
1189 1363 1273 1446 fugit
1288 1369 1432 1429 oratores

215 1465 403 1548 saepissime
424 1485 573 1532 recenses
596 1469 694 1547 atque
716 1464 750 1528 in
771 1464 900 1530 ordines
922 1464 1072 1530 redactos
1095 1487 1180 1548 esse,
1210 1466 1296 1549 quod
1319 1464 1432 1531 Cicero

215 1589 319 1654 neque
340 1569 463 1653 primus
485 1587 590 1652 neque
612 1567 681 1650 ipse
703 1589 762 1651 per
783 1588 817 1632 se
839 1568 969 1649 invenit,
994 1569 1052 1634 sed
1074 1568 1310 1637 eGraecorum
1323 1570 1432 1635 simili·

214 1672 276 1740 bus
303 1673 434 1757 scriptis
463 1671 594 1754 recepit.
638 1669 725 1754 quod
753 1675 898 1736 oratores
920 1671 1085 1738 Romanos
1110 1671 1185 1737 inde
1208 1693 1228 1737 a
1248 1674 1431 1756 primordiis

216 1776 421 1861 eloquentiae
451 1775 619 1841 Romanae
650 1773 684 1839 in
717 1773 823 1841 Bruto
855 1795 894 1839 ex
926 1774 1086 1859 dignitate
1117 1776 1300 1841 aestimavit
1332 1784 1430 1860 atque

214 1883 397 1963 temporum
425 1877 571 1942 ordinem
598 1882 727 1942 secutus
753 1877 787 1942 in
814 1898 966 1944 numeros
992 1877 1141 1960 digessit,
1169 1877 1203 1942 id
1232 1877 1434 1946 Graecorum

215 1981 383 2046 rhetorum
405 1980 522 2046 similia
544 1976 653 2046 studia
673 1979 819 2045 imitatus
842 1979 971 2060 videtur
989 1981 1119 2060 fecisse,
1143 1988 1308 2048 oratorum
1331 1981 1434 2050 (irae-

217 2105 327 2150 corum
349 2084 478 2149 ordines
501 2103 540 2148 ex
561 2081 641 2166 ipsis
664 2081 800 2148 Graecis
821 2082 963 2150 fontibus
986 2084 1108 2162 hansit3
1136 2105 1212 2150 nam
1235 2107 1433 2170 quamquam

217 2191 383 2252 oratorum
410 2184 599 2252 Atticorum
629 2184 744 2250 saltem
776 2207 973 2252 summorum
1004 2187 1165 2253 orationes
1194 2189 1245 2254 vel
1274 2188 1353 2273 legit
1382 2188 1432 2256 vel

217 2288 352 2375 vertit,¹)
375 2309 415 2354 ex
436 2287 554 2372 quibus
575 2287 616 2354 de
639 2287 823 2354 oratoribus
845 2289 924 2372 ipsis
945 2289 1065 2355 iudicia
1079 2290 1185 2357 facere
1200 2299 1317 2375 posset,
1342 2292 1432 2358 nulla

217 2395 326 2456 tamen
355 2390 441 2455 iusta
468 2391 594 2456 ratione
624 2390 829 2471 adducimur,
860 2397 898 2456 ut
927 2412 1038 2457 eorum
1068 2393 1196 2460 ordines
1223 2397 1330 2480 ipsum
1358 2416 1431 2461 con·

217 2492 359 2558 stituisse
388 2492 567 2558 credamus.
612 2493 678 2558 iam
700 2515 776 2560 vero
802 2501 1033 2561 enumerantur
1055 2504 1200 2564 oratores
1222 2499 1327 2564 Attici
1349 2520 1431 2565 com·

215 2595 324 2678 plures
354 2595 405 2661 vel
433 2595 531 2680 pauci
560 2594 602 2660 ad
634 2597 779 2663 ordinem
808 2604 866 2663 aut
891 2600 1058 2683 temporis,
1091 2622 1154 2684 quc
1177 2602 1344 2686 vigebant,
1374 2609 1432 2669 aut

215 2695 399 2780 dignitatis,
430 2719 495 2782 qua
525 2697 700 2780 florebant,
731 2719 801 2766 sese
831 2701 1036 2786 excipientes,
1069 2705 1125 2786 qui
1152 2725 1215 2788 quc
1245 2707 1359 2771 melius
1381 2728 1432 2772 res

215 2800 414 2882 dinoscatur,
438 2821 524 2866 nunc
545 2800 659 2866 tabula
680 2803 849 2886 proposita
870 2826 936 2870 uno
957 2805 1143 2872 referantur
1162 2828 1312 2874 recensu:

320 2904 361 2970 de
373 2925 419 2969 cr.
434 2905 473 2971 II
489 2909 543 2970 93:
566 2905 645 2989 Lys.
661 2905 762 2972 Isocr.
775 2943 817 2954 -
828 2907 923 2974 Dem.
935 2907 1024 2993 Hyp.
1040 2909 1118 2995 Lyc.
1135 2911 1254 2977 Aesch.
1271 2913 1347 2978 Din.
1366 2915 1429 2999 (7);

365 3005 405 3072 cf.
428 3007 525 3073 Dion.
547 3007 593 3074 H.
615 3008 693 3074 locis
715 3009 810 3076 modo
833 3010 962 3076 adlatis.

325 3108 420 3175 Brut.
451 3114 603 3176 32—39:
639 3111 740 3179 Isocr.
776 3113 854 3197 Lys.
883 3151 922 3164 -
950 3115 1045 3182 Dem.
1076 3115 1165 3201 Hyp.
1198 3117 1318 3183 Aesch.
1350 3119 1429 3201 Lyc.

364 3210 440 3278 Din.
464 3214 657 3302 (Demades)
680 3215 694 3302 (
716 3217 739 3302 ).

321 3313 361 3380 de
395 3337 441 3382 or.
472 3317 531 3385 III
560 3322 615 3385 28:
654 3320 756 3387 Isocr.
796 3318 873 3403 Lys.
906 3355 946 3365 —
978 3320 1065 3405 Hyp.
1104 3320 1223 3388 Aesch.
1256 3323 1349 3389 Dem.
1390 3323 1429 3389 of.

366 3438 412 3484 or.
436 3423 498 3484 235
520 3419 581 3507 (5).

321 3519 415 3587 Brut.
438 3526 515 3588 285:
550 3523 645 3590 Dsm.
667 3523 744 3607 Lys.
766 3522 854 3608 Hyp.
878 3525 997 3592 Aesch.
1020 3526 1060 3592 cf.
1082 3549 1128 3593 or.
1153 3532 1213 3592 110
1235 3528 1249 3613 (
1271 3528 1295 3614 ).

319 3622 415 3690 Brut.
438 3631 515 3692 290:
550 3627 637 3712 Hyp.
660 3626 780 3693 Aesch.
803 3626 898 3692 Dem.
920 3627 935 3715 (
956 3629 980 3714 ).

322 3726 552 3796 deor.158:
587 3730 682 3796 Dem.
704 3730 793 3814 Hyp.
831 3729 872 3795 cf.
896 3730 989 3797 Brut.
1011 3736 1052 3797 36
1075 3733 1089 3818 (
1111 3733 1135 3820 ).
1240 3814 1241 3819 ¹

323 3829 363 3896 de
384 3837 450 3916 opt.
472 3853 544 3916 gen.
568 3853 631 3898 or.:
669 3833 763 3898 Dem.
787 3832 907 3898 Aesch.
929 3832 943 3919 (
964 3834 988 3920 ).

322 3932 361 3998 de
384 3955 430 4000 or.
453 3935 512 4002 III
535 3938 591 4000 71:
624 3934 861 4000 Demosthenes
883 3936 1041 4022 princeps.
1082 3935 1122 4002 cf.
1138 3957 1164 4002 e.
1181 3957 1211 4020 g.
1234 3958 1280 4003 or.
1302 3942 1352 4002 23.
1377 3944 1427 4003 26.

367 4040 438 4103 104.
464 4042 541 4120 11ος
565 4037 606 4104 de
627 4043 694 4122 opt.
718 4058 790 4121 gen.
812 4058 858 4104 or.
884 4041 932 4104 13.

219 4167 421 4178 ————.—

302 4243 324 4312 ¹)
342 4242 378 4297 de
394 4260 435 4298 or.
452 4243 468 4298 Ι
488 4244 550 4299 155:
587 4246 694 4314 ‚postea
711 4242 781 4298 mihi
798 4243 907 4313 placuit
925 4260 1013 4314 eoque
1036 4261 1096 4299 sum
1114 4261 1179 4299 usus
1197 4243 1375 4311 adulescens,
1397 4250 1429 4300 ut

214 4346 387 4383 summorum
413 4335 559 4384 oratorum
585 4330 705 4385 Graecas
733 4329 874 4384 orationes
898 4331 1089 4399 explicarem¹3
1117 4331 1152 4384 of.
1172 4331 1207 4384 de
1230 4347 1269 4384 or.
1292 4329 1340 4384 III
1365 4333 1427 4397 1253

215 4415 249 4468 de
271 4419 330 4486 opt.
353 4433 416 4486 gen.
439 4433 480 4471 or.
502 4416 642 4483 libellum;
666 4415 756 4480 Blass,
778 4415 830 4469 AB
853 4414 901 4470 HI
923 4418 940 4470 2
964 4434 991 4486 p.
1015 4417 1049 4469 92
1073 4434 1099 4470 n.
1118 4419 1148 4470 9:
1174 4417 1292 4482 ,ireilioh
1310 4418 1428 4472 beweist

213 4499 297 4557 keine
314 4501 412 4569 Stelle,
430 4501 495 4558 dass
512 4502 613 4559 Cicero
631 4500 686 4556 den
704 4501 820 4572 hykurg
835 4503 967 4572 gelmon·
