3362 5216
779 267 821 328 41

188 475 262 558 quis
290 473 388 538 fuerit
413 471 574 554 ascriptus
602 471 635 535 in
665 470 851 554 praesentia
873 489 937 534 non
959 473 1067 553 potest
1089 469 1166 534 erui.
1212 468 1416 536 Demetrium

188 577 289 642 etiam
304 576 491 658 Magnetem
513 578 545 638 et
560 572 754 655 Dionysium
769 572 1080 637 Halicarnasensem
1102 578 1270 637 oratorum
1286 571 1414 637 ordines

187 679 335 762 cognitos
372 677 524 742 hahuisse
559 695 658 758 supra
692 673 890 739 Ostendimus
926 672 971 758 (p.
1000 678 1049 736 17.
1082 677 1121 737 19
1162 675 1259 760 sqq).
1311 695 1417 757 neque

188 782 261 865 quis
291 781 348 845 1110
377 785 524 863 tempore
553 779 702 861 princeps
731 783 897 841 oratorum
926 775 969 840 sit
1000 776 1146 856 habitus,
1180 778 1213 841 in
1241 776 1340 842 dubio
1367 798 1416 842 re·

187 883 355 966 linquitur.
400 881 481 946 vidit
504 881 570 946 iam
592 880 707 947 010010
730 900 774 943 01.
800 883 841 944 36
866 879 899 944 10
924 878 1011 942 omni
1033 898 1068 942 re
1097 877 1324 944 difficillimum
1347 900 1417 944 esse

186 986 339 1063 formam,
369 984 424 1067 qui
450 980 610 1069 χαρακτὴρ
639 981 765 1048 Graece
794 981 928 1058 dicitur,
959 1000 1119 1062 exponere
1157 981 1286 1062 optimi,
1330 981 1417 1063 quod

186 1086 277 1152 aliud
300 1086 371 1150 aliis
394 1082 543 1150 rideatur
564 1085 735 1166 optimum3
759 1084 857 1148 alium
881 1082 999 1160 Ennia,
1021 1080 1120 1146 alium
1135 1082 1287 1163 Pacuvio,
1310 1082 1414 1148 Accio

150 1177 155 1186 ’
186 1189 287 1254 alium
325 1187 496 1266 delectari;
551 1187 642 1251 varia
684 1187 768 1251 enim
807 1206 877 1250 esse
920 1185 1056 1264 iudicia,
1105 1192 1142 1250 01
1185 1186 1219 1250 in
1265 1184 1414 1266 Graecis,

189 1313 249 1356 nec
275 1291 404 1356 facilem
430 1289 689 1371 explicationem,
717 1309 800 1371 quae
828 1288 934 1354 forma
956 1287 1095 1354 maxime
1123 1288 1269 1353 excellat.
1314 1294 1414 1371 atque

188 1394 321 1459 fuerunt
342 1391 499 1476 prosect0,
523 1391 588 1474 qui,
612 1397 722 1456 utrum
733 1391 948 1457 Demostheni
971 1413 1013 1456 an
1024 1389 1186 1474 Hyperidi
1207 1392 1351 1475 palmam
1363 1390 1416 1455 de·

189 1497 322 1578 ferrent,
336 1495 537 1578 ambigerent
547 1494 598 1559 rel
612 1494 710 1558 etiam
719 1493 921 1577 Hyperidem
933 1494 1135 1576 praeferrent
1144 1494 1256 1577 (Phot.
1269 1494 1340 1558 cod.
1354 1497 1416 1556 266

189 1622 220 1682 p.
238 1603 318 1678 4953
341 1598 396 1662 Ps.
420 1596 509 1662 Plut.
531 1619 559 1661 v.
576 1596 665 1679 Hyp.
688 1618 719 1679 p.
742 1597 845 1674 849‘13
868 1595 1081 1661 Burchhardt
1102 1596 1123 1660 l.
1141 1597 1162 1661 l.
1185 1619 1216 1680 p.
1240 1597 1312 1681 37);
1336 1617 1417 1679 quos

191 1703 340 1768 rhetores
360 1700 507 1766 Rhodios
529 1705 604 1765 ante
627 1697 820 1781 Dionysium
843 1699 986 1781 vigentes
1007 1698 1106 1764 fuisse
1128 1699 1288 1764 intellexit
1309 1699 1416 1778 Blass,

192 1804 256 1869 AB
272 1804 331 1869 111
348 1808 364 1867 l
381 1826 413 1886 p.
427 1807 477 1866 70.
507 1822 618 1866 verum
633 1803 795 1867 enimvero
809 1801 1064 1866 Demosthenem
1079 1802 1226 1885 plerique
1240 1801 1417 1886 prinoipem

189 1911 392 1989 agnoverunt
413 1905 627 1987 maximeque,
651 1904 737 1987 qnod
753 1926 853 1970 unum
874 1903 978 1968 instar
1001 1905 1143 1969 omnium
1157 1902 1330 1987 proferam,
1352 1903 1418 1968 huc

192 2008 271 2072 facit
301 2007 467 2074 Ciceronis
499 2007 669 2072 iudicium:
704 2006 848 2088 ,Lysiam
881 2006 945 2070 iam
972 2028 1074 2091 prope
1104 2007 1226 2072 audeas
1254 2011 1417 2072 oratorem

191 2110 372 2194 perfectum
393 2109 510 2175 (110010.
555 2129 632 2174 nam
652 2108 748 2190 plane
771 2108 902 2191 quidem
924 2108 1105 2193 perfeetum
1128 2114 1161 2173 et
1183 2110 1234 2174 eui
1256 2108 1337 2173 nihil
1360 2107 1417 2174 ad·

189 2212 322 2277 modum
350 2212 434 2277 desit
462 2211 716 2277 Demosthenem
744 2209 837 2275 facile
865 2210 984 2276 dixeris
1012 2233 1098 2295 sqq,
1128 2212 1204 2276 huic
1230 2209 1416 2295 Hyperides

189 2316 355 2398 proximus
383 2321 415 2380 et
441 2314 621 2379 Aeschines
652 2313 715 2378 fuit
746 2318 778 2378 et
808 2313 979 2397 Lyeurgus
1009 2321 1044 2380 et
1074 2313 1270 2380 Dinarchus‘
1304 2313 1413 2400 (Brut.

191 2421 230 2482 35
254 2439 301 2501 sq.
328 2421 404 2498 138,
429 2417 470 2482 de
491 2423 558 2500 opt.
581 2437 653 2500 gen.
676 2437 722 2480 01.
741 2421 796 2494 13;
821 2416 921 2482 deor.
938 2418 1037 2505 Ias).
1082 2417 1171 2482 vides
1194 2438 1232 2482 ex
1256 2414 1416 2499 dignitate

191 2541 331 2585 summos
347 2526 494 2585 oratores
510 2539 579 2584 esse
596 2518 772 2584 adornatos
788 2539 963 2602 eorumque
980 2542 996 2584 0
1012 2540 1145 2585 numero
1162 2541 1262 2585 unum
1275 2520 1415 2584 eminere

192 2628 224 2687 et
246 2628 374 2688 exstare
390 2622 653 2690 Demosthenem.
697 2620 784 2686 idem
806 2621 947 2686 occurrit
968 2623 1002 2687 in
1018 2622 1184 2690 Oiceronis
1206 2622 1278 2686 1000
1301 2627 1417 2687 001010

190 2725 379 2807 dignissimo
403 2746 449 2790 01.
471 2728 574 2807 4-7,
598 2744 662 2806 quo
684 2725 847 2807 principes
869 2726 902 2788 in
924 2726 1063 2790 maxime
1079 2726 1177 2790 variis
1192 2723 1308 2790 studiis
1324 2725 1417 2790 unice
1464 2803 1467 2808 ἱ

191 2825 384 2892 excellentes
408 2834 647 2902 enumerantur,
672 2832 772 2909 atque
794 2848 812 2891 0
834 2828 938 2910 000110
961 2829 1093 2911 quidem
1108 2813 1273 2894 Homerus
1296 2827 1415 2910 epicos,

192 2927 411 2994 Archilochus
428 2929 690 3013 iambographns,
708 2928 886 3011 Sophocles
898 2932 1053 3014 tragicus,
1069 2931 1233 2995 Pindarus
1249 2931 1369 3013 lyricus
1380 2930 1417 3014 ¹),

192 3053 210 3095 e
234 3031 435 3114 philosophis
457 3028 555 3097 Plato
579 3031 633 3115 (cf.
657 3031 676 3116 ξ
698 3031 753 3115 62)
777 3038 809 3096 01
824 3032 1032 3113 Aristoteles,
1054 3054 1094 3098 ex
1116 3032 1286 3116 opificibus
1301 3032 1417 3098 Proto-

191 3154 287 3216 genes
327 3140 359 3199 et
389 3133 524 3218 Apelles
552 3135 708 3217 pictores,
742 3134 879 3201 Phidias
915 3127 948 3201 01
980 3135 1160 3220 Polyclitus
1188 3135 1340 3200 statuarii
1369 3155 1418 3199 se-

194 3236 342 3320 liguntur
356 3237 460 3320 iisque
476 3237 665 3320 adiungitur
679 3237 928 3320 Demosthenes,
953 3239 1020 3322 ,qui
1035 3244 1193 3322 quantum
1207 3238 1292 3303 inter
1308 3257 1417 3302 omnes
1440 3255 1447 3263 ·

193 3360 275 3404 unus
297 3339 447 3419 excellat,
471 3338 662 3405 admirabile
686 3339 786 3425 est.‘²)

281 3628 302 3698 ι)
324 3629 396 3682 bene
419 3627 586 3682 Edmundus
609 3627 718 3698 Lange,
742 3629 811 3697 quid
832 3647 896 3683 cum
921 3630 956 3683 (10
980 3629 1095 3699 ingenio
1119 3633 1148 3682 et
1165 3627 1272 3682 litteris
1298 3631 1360 3680 tum
1386 3627 1420 3680 de

192 3714 282 3781 poetis
310 3713 482 3768 Graecorum
510 3713 609 3766 Cicero
640 3715 772 3781 senserit,
807 3715 874 3768 diss.
902 3713 968 3767 Hal.
996 3716 1063 3767 1880
1090 3733 1116 3783 p.
1138 3715 1254 3767 39-42
1284 3713 1417 3782 cognovit

191 3799 357 3854 Ciceronem
388 3799 457 3853 haec
478 3799 583 3853 iudicia
605 3800 717 3854 aliunde
737 3805 897 3855 mutuatum
921 3818 996 3867 esse,
1023 3818 1087 3854 cum
1111 3801 1140 3853 in
1159 3801 1285 3854 Homero
1309 3799 1422 3866 quidem

202 3886 323 3938 multum
343 3886 533 3939 conlocaverit
551 3887 676 3940 studium
695 3890 723 3939 et
737 3886 884 3957 Sophoclis
903 3887 1127 3956 magnitudinem
1142 3887 1252 3955 saepius
1265 3884 1421 3938 admiratus

200 3971 249 4036 sit,
275 3974 305 4023 at
322 3971 488 4025 Archilochi
506 3975 536 4025 et
550 3972 669 4026 Pindari
688 3972 813 4026 carmina
830 3975 878 4027 vix
896 3974 1017 4026 noverit.
1052 3973 1128 4026 idem
1146 3974 1240 4026 valere
1259 3972 1294 4025 de
1313 3972 1417 4025 ceteris

199 4057 373 4125 principibus
391 4075 448 4110 non
467 4074 538 4126 opus
561 4061 606 4112 est
623 4059 823 4128 argumentari.
859 4062 984 4113 ceterum
1002 4058 1037 4113 cf.
1055 4058 1111 4112 010.
1133 4058 1167 4111 (10
1186 4057 1234 4111 fin.
1250 4056 1282 4110 II
1303 4059 1366 4123 115;
1385 4057 1421 4111 de

197 4146 254 4196 nat.
274 4143 349 4198 deor.
368 4142 461 4198 1107.

283 4229 306 4298 ⁹)
325 4246 359 4282 ex
383 4231 480 4283 eodem
500 4230 643 4284 Ciceronis
667 4229 730 4283 loco
759 4229 816 4284 iam
839 4233 908 4283 tunc
926 4233 984 4282 1100
1004 4229 1090 4283 fuisse
1109 4229 1298 4298 praestantiae
1316 4229 1420 4298 gradus

196 4315 361 4383 edocemur;
391 4315 489 4370 010010
520 4317 620 4386 ,prima
651 4320 830 4384 sequentem,
865 4317 971 4384 inquit,
999 4317 1149 4369 honestum
1179 4319 1222 4368 est
1244 4317 1275 4369 in
1294 4315 1424 4368 secundis

197 4402 333 4470 ertiisque
359 4403 523 4456 0000101010ι
543 4407 627 4472 atque
649 4405 716 4471 ipse
732 4403 871 4472 adiungit,
893 4403 922 4455 in
942 4402 1035 4470 poetis
1052 4417 1110 4455 uon
1122 4401 1249 4454 Homero
1263 4401 1315 4454 soli
1328 4402 1422 4453 locum

194 4504 257 4541 esse
276 4491 326 4540 sut
343 4487 516 4542 Archilocho
535 4493 585 4542 aut
599 4489 734 4559 Sophocli
752 4494 800 4546 eut
813 4488 950 4554 Pindaro,
972 4489 1021 4541 sed
1041 4489 1143 4544 herum
1162 4487 1207 4540 vel
1226 4487 1356 4542 secundis
1376 4486 1421 4542 vel
