3362 5216
833 307 874 370 80

754 395 957 406 —u———a

245 526 331 599 circa
352 529 494 594 medium
517 549 546 594 a.
570 526 630 595 Ch.
653 529 817 594 saeculum
839 528 981 594 alterum
1002 535 1082 614 nata
1104 534 1188 610 erat,
1219 525 1318 592 latius
1341 547 1469 614 perere·

245 634 423 712 bresceret,
452 633 622 716 Pergami,
659 638 695 697 ut
724 632 851 696 diversa
881 633 1069 698 Atticorum
1096 640 1129 696 et
1156 630 1335 696 Asinorum
1361 632 1470 698 studia

246 736 451 822 aliquatenus
468 736 740 815 consociarentur,
757 756 871 799 norma
884 735 943 800 illa
957 741 1007 800 est
1021 736 1198 819 proposita,
1217 757 1315 822 quam
1330 735 1385 799 alii
1396 757 1469 818 pro-

247 839 378 920 barunt,
395 839 451 903 alii
466 839 599 902 minoris
616 836 666 902 rel
682 838 774 901 nihili
789 838 945 904 fecerunt.
991 839 1160 903 Demetrio
1177 837 1308 924 quidem
1321 839 1468 922 Magneti

245 941 299 1006 hio
314 963 427 1006 census
443 941 571 1007 videtur
586 947 682 1006 notus
698 941 811 1021 fuisse;
834 942 976 1025 neglexit
992 963 1065 1006 eum
1081 941 1234 1024 Gorgiae,
1251 943 1306 1026 qui
1322 941 1409 1026 quod
1425 942 1468 1006 ad

246 1045 412 1110 schemata
429 1044 583 1127 exemplis
601 1043 808 1108 inlustranda
823 1045 967 1109 Asianos
986 1066 1114 1130 quoque
1132 1046 1305 1127 scriptores
1326 1046 1360 1109 in
1375 1066 1469 1109 usum

246 1169 339 1212 suum
370 1147 541 1229 convertit,
572 1147 670 1212 etiam
700 1148 833 1230 propius
864 1147 905 1212 ab
936 1148 1071 1213 Asianis
1100 1147 1181 1212 aftrit
1213 1169 1310 1232 quam
1338 1147 1468 1212 decadis

247 1256 377 1331 auctor;
406 1250 520 1316 Cicero
544 1249 776 1334 et‘Dionysius
807 1271 866 1314 suo
888 1256 1024 1336 uterque
1046 1251 1165 1315 iudicio
1189 1257 1355 1316 oratorum
1379 1252 1470 1314 Atti-

247 1375 360 1419 corum
387 1374 525 1418 canones
554 1352 737 1436 elegerunt,
767 1358 803 1416 at
833 1353 931 1418 iidem
958 1376 1030 1419 cum
1059 1353 1190 1418 decadis
1220 1354 1377 1418 ambitum
1406 1375 1470 1417 non

245 1456 565 1539 transgrederentur,
599 1454 809 1521 excluderent
839 1456 923 1520 solos
958 1458 1151 1522 vetustiores
1180 1478 1219 1521 ex
1248 1456 1368 1521 decade
1399 1477 1470 1520 ora·

245 1566 349 1640 tores,
377 1559 420 1624 ad
439 1559 529 1622 illam
552 1579 698 1622 normam
719 1559 870 1624 videntur
892 1567 1067 1642 spectasse,
1095 1559 1258 1643 Didymus
1284 1558 1470 1642 grammati-

247 1684 303 1728 cus
326 1683 404 1726 num
426 1661 582 1726 decadem
605 1668 733 1726 secutus
756 1663 814 1742 sit,
838 1683 903 1727 uon
925 1668 1035 1746 potest
1055 1665 1142 1745 erui,
1166 1663 1414 1729 commentarios
1436 1663 1471 1726 in

247 1766 441 1831 vetustiores
479 1772 640 1845 craterae,
682 1765 769 1850 quod
807 1766 959 1848 sciamus,
1001 1773 1033 1830 et
1071 1767 1141 1849 ipse
1175 1787 1239 1830 non
1273 1765 1469 1850 composuit,

248 1867 415 1934 Ciceronis
445 1867 583 1954 denique
612 1869 764 1954 aequales
791 1889 850 1952 pro
880 1890 939 1932 sua
968 1869 1104 1954 quisque
1135 1869 1317 1934 studiorum
1344 1869 1471 1932 ratione

247 1993 349 2036 unum
376 1971 554 2036 alterumve
584 1992 622 2036 ex
652 1970 774 2036 decade
803 1977 966 2036 oratorem
997 1973 1174 2054 insignem,
1207 1972 1308 2036 veluti
1336 1970 1472 2055 Lysiam

249 2075 431 2140 Isocratem
462 2075 664 2158 Hyperidem
692 2074 949 2139 Demosthenem
986 2076 1029 2140 ad
1057 2075 1250 2140 imitandum
1281 2074 1342 2139 sibi
1366 2097 1472 2157 sump-

248 2184 375 2257 serunt;
399 2175 560 2242 Caecilius
583 2179 723 2258 demum,
748 2177 834 2262 quod
851 2177 1129 2261 Pergamenorum
1152 2177 1273 2262 placita
1293 2179 1346 2261 pie
1366 2177 1471 2242 colere

248 2281 361 2362 voluit,
385 2280 548 2362 decadem,
572 2281 725 2345 siminus
748 2280 909 2363 probavit,
933 2287 1065 2346 atvero
1087 2302 1147 2365 pro
1164 2280 1343 2346 studiorum
1359 2301 1473 2345 norma

248 2384 373 2450 habuit.
448 2382 583 2449 Caecilii
627 2403 702 2448 vero
751 2383 868 2448 eximia
915 2385 1111 2448 auctoritate
1158 2404 1263 2448 canon
1306 2389 1472 2448 oratorum

248 2494 364 2552 contra
390 2492 488 2570 atque
517 2487 573 2552 alii
599 2507 726 2567 census,
758 2487 814 2569 qui
843 2492 1025 2570 temporum
1052 2488 1225 2571 iniquitate
1252 2485 1304 2550 rel
1330 2487 1472 2550 virorum

247 2591 417 2656 doctorum
449 2591 547 2654 variis
577 2590 782 2674 opinionibus
811 2589 905 2654 valde
938 2589 1104 2657 obscurati
1137 2596 1212 2654 sunt
1245 2597 1303 2653 aut
1336 2611 1468 2673 prorsus

247 2700 463 2774 evanuerunt,
494 2692 538 2758 ad
567 2693 653 2758 hanc
679 2713 781 2777 usque
811 2695 999 2758 memoriam
1027 2695 1154 2777 integer
1181 2698 1383 2776 propagatus
1412 2698 1470 2773 est,

248 2818 394 2883 quosque
424 2797 646 2880 Pergamenus
671 2798 726 2862 ille
752 2797 865 2862 rhetor
892 2798 1024 2860 canonis
1054 2803 1169 2863 auctor
1195 2796 1369 2861 imitandos
1398 2816 1472 2878 pro·

247 2902 357 2984 posuit
387 2905 533 2965 oratores
563 2899 709 2980 Atticos,
741 2899 870 2965 eosdem
900 2901 1138 2964 commentariis
1169 2901 1255 2964 notis
1285 2899 1396 2964 lexicis
1424 2899 1471 2962 iu-

247 3010 389 3069 structos
411 3009 444 3068 et
465 3009 598 3068 ornatos
620 3003 797 3069 tradebant
817 3024 877 3087 per
892 3003 1023 3068 saecula
1038 3004 1099 3068 riri
1113 3003 1318 3086 eloquentiae
1334 3003 1471 3067 Atticae

248 3107 394 3172 studiosi.
