3362 5216
842 333 882 394 66

255 533 434 600 lexicorum
445 535 471 621 1)
507 541 772 618 argumentorum
806 537 849 600 ad
883 541 1030 602 oratores
1063 535 1295 617 pertinentium
1329 541 1478 600 auctores

257 639 507 721 quaesitaveris,
545 639 613 704 illic
648 641 767 705 multos
801 640 840 704 de
872 641 954 705 artis
985 639 1167 704 rhetoricae
1200 639 1350 722 partibus
1383 642 1480 705 variis

258 742 375 823 libros,
404 764 484 824 quos
512 745 545 806 in
568 743 652 807 Asia
680 745 818 826 scriptos
847 765 916 808 esse
944 763 1042 824 supra
1070 741 1291 824 probavimus,
1319 745 1351 806 in
1374 743 1479 808 lucem

255 845 414 926 prodiisse
438 844 650 932 concessise)
695 845 872 930 Dionysius
896 851 983 909 certe
1011 852 1043 908 et
1072 843 1249 926 Caecilius,
1283 847 1399 910 summi
1430 846 1478 910 illi

255 954 422 1013 oratorum
442 949 554 1030 critici,
576 948 797 1032 Pergamenae
818 951 928 1033 copias
948 950 981 1013 in
1003 970 1097 1012 usum
1117 969 1209 1013 suum
1236 950 1476 1030 convertebant,

255 1055 328 1115 cum
351 1051 529 1134 Dionysius
562 1053 693 1116 tabulas
716 1053 938 1134 Pergamenos
959 1053 1171 1134 excerpsisset
1193 1058 1225 1116 et
1247 1061 1324 1117 cum
1342 1053 1479 1136 Apollo-¹

254 1155 333 1218 doro
357 1155 492 1239 aliisque
510 1157 722 1238 Pergamenis
741 1157 867 1227 Romae
883 1161 971 1219 'certo
988 1176 1179 1237 congressus
1196 1162 1290 1237 esset,
1315 1155 1475 1221 Caecilius

253 1257 528 1340 Pergamenorum
558 1259 732 1342 discipulus
760 1267 792 1324 et
820 1264 961 1324 sectator
992 1259 1109 1323 similia
1143 1260 1279 1341 scripta,
1316 1264 1414 1341 atque
1442 1261 1476 1322 in

253 1361 336 1425 Asia
360 1365 432 1425 orta
455 1383 524 1426 esse
546 1361 694 1444 vidimus,
717 1363 958 1446 composuisset.

339 1463 391 1529 De
406 1463 683 1548 Pergamenorum
706 1467 822 1530 studiis
845 1464 1015 1529 rhetoricis
1039 1460 1118 1529 satis
1134 1464 1236 1528 multa
1252 1463 1475 1527 disseruimus:

252 1575 345 1632 nuuc
372 1568 557 1649 eloquentia
591 1570 696 1652 qualis
726 1569 772 1632 ibi
801 1568 900 1633 luerit
928 1588 1090 1650 quamque
1120 1572 1199 1651 apta
1230 1568 1361 1630 canonis
1393 1587 1475 1631 com-

252 1672 416 1754 positioni,
439 1672 614 1736 videamus.
660 1679 759 1754 atque
782 1671 943 1736 Asianam
966 1672 1185 1753 eloquentiam
1208 1671 1309 1733 etiam
1322 1669 1476 1750 Pergami

251 1773 453 1856 aliquamdiu
473 1775 613 1856 viguisse
637 1780 888 1840 consentaneum
912 1781 975 1852 est;
996 1796 1072 1837 nam
1095 1780 1131 1837 ut
1152 1775 1186 1836 in
1209 1771 1309 1838 Caria
1330 1767 1476 1854 Phrygia

252 1877 371 1960 Lydia,
395 1879 441 1942 sic
462 1882 608 1942 ueterum
631 1878 822 1942 testimoniis
845 1879 877 1942 in
893 1877 1008 1960 Mysia,
1032 1877 1088 1941 ubi
1102 1878 1284 1959 Pergamus
1307 1877 1369 1940 sita
1392 1882 1473 1958 erat,

195 2019 197 2023 ·
251 1982 378 2046 Asiana
411 1980 596 2064 eloquentia
625 1988 674 2045 est
697 1981 871 2046 dominata.
919 1981 1063 2062 evannit,
1091 1983 1118 2044 si
1138 1981 1332 2062 Dionysium
1360 1980 1473 2044 audire

251 2084 410 2165 uolumus,
439 2083 623 2166 eloquentia
644 2085 760 2149 Attica
786 2081 819 2147 ἐν
842 2083 934 2170 πάσῃ
957 2082 1052 2148 πόλει
1074 2083 1130 2148 καὶ
1153 2079 1302 2166 οὐδεμιᾶς
1324 2071 1419 2169 ἧττον
1440 2080 1474 2146 ἐν

250 2191 323 2261 ταῖς
345 2181 583 2267 εὐπαιδεύτοις,
608 2188 735 2253 Asiana
757 2186 813 2251 καὶ
835 2185 894 2262 τὰς
915 2185 1011 2269 τιμὰς
1033 2185 1169 2262 καὶτὰς
1192 2185 1387 2274 προστάσεις
1409 2189 1474 2249 τῶν

251 2288 380 2354 πόλεων
410 2329 453 2338 -
486 2286 531 2366 εἰς
564 2287 679 2378 ἑαυτὴν
708 2286 913 2378 ἀνηρτήσατο.
967 2292 1024 2356 sed
1043 2292 1142 2355 iidem
1164 2291 1375 2374 Pergameni,
1400 2311 1472 2353 cum

251 2393 510 2472 Atheniensibus
541 2397 656 2459 intima
685 2396 786 2459 iuncti
816 2395 1038 2459 familiaritate
1049 2395 1075 2480 3)
1082 2444 1089 2475 ,
1120 2416 1192 2458 curn
1214 2415 1415 2476 summopere
1438 2393 1472 2455 in

251 2504 321 2562 arte
342 2497 507 2564 rhetorica
528 2505 635 2563 essent
657 2499 822 2580 occupati,
850 2501 984 2563 celerius
1008 2520 1106 2581 quam
1128 2499 1246 2580 reliqui
1269 2497 1408 2560 Asiatici
1430 2497 1472 2560 ad

250 2608 375 2666 veteres
403 2602 591 2666 Atticorum
620 2607 707 2666 artes
737 2608 769 2665 et
799 2604 962 2666 crationes
989 2601 1182 2686 redibant.4)
1233 2603 1298 2664 iam
1330 2599 1472 2682 singulos

250 2704 335 2767 viros
351 2705 413 2770 hac
427 2705 524 2770 laude
541 2705 734 2770 excellentes
755 2726 968 2787 percensnms
983 2707 1124 2788 primum
1140 2704 1252 2768 adfero
1269 2703 1473 2785 Antigonum

249 2930 451 2938 -——.--»---

250 3093 386 3158 0fficinis,
412 3099 496 3148 utne
520 3095 611 3148 dicam
630 3096 664 3149 de
683 3095 779 3148 schola
797 3095 983 3164 Pergamena,
1009 3095 1044 3148 ad
1064 3113 1148 3162 quam
1168 3095 1303 3148 Caecilius
1323 3098 1400 3148 certe
1419 3110 1470 3146 nos

250 3181 400 3245 amandat,
428 3183 533 3235 maiore
560 3183 621 3234 iure
647 3182 829 3250 cogitaverim
860 3183 935 3248 quod
953 3182 1125 3234 Ballheirner
1142 3182 1158 3234 l.
1179 3183 1196 3233 l.
1219 3199 1247 3249 p.
1265 3183 1299 3233 32
1318 3181 1470 3250 Didymum

251 3269 428 3320 cdmmuuem
455 3267 587 3338 Dionysii
614 3267 761 3321 Plutarchi
789 3267 882 3320 Photii
907 3269 1016 3322 fontem
1041 3267 1126 3321 fuisse
1155 3269 1288 3334 coniecit,
1318 3269 1387 3320 mihi
1413 3284 1470 3318 non

251 3356 401 3420 persuasit.

339 3441 359 3508 ¹)
378 3441 446 3493 satis
464 3445 541 3495 certa
565 3446 608 3494 est
627 3459 724 3495 eorum
744 3441 852 3510 opinio,
872 3441 925 3508 qui
948 3441 1101 3494 Caecilium
1119 3441 1358 3511 Pergamenorum
1381 3443 1469 3492 secta-

250 3531 341 3579 torem
368 3529 479 3581 lexicon
502 3528 677 3581 rhetoricum
707 3528 866 3581 condidisse
896 3529 1084 3595 contendunt,
1114 3529 1184 3580 talia
1210 3529 1311 3593 lexica,
1339 3526 1469 3593 quoniam

250 3613 346 3666 studia
364 3616 551 3682 grammatica
568 3615 718 3668 rhetoricis
736 3616 835 3668 iuncta
853 3615 1016 3680 ostendunt,
1033 3633 1085 3683 per
1105 3631 1134 3667 se
1147 3615 1251 3667 maiore
1269 3613 1470 3681 probabilitate

251 3701 286 3752 ad
306 3699 478 3768 Pergamum
497 3702 661 3755 referuntur
680 3719 763 3770 quam
782 3703 817 3754 ad
835 3702 1046 3756 Alexandriam.

337 3785 357 3854 ²)
378 3787 453 3854 quod
480 3787 630 3840 Tauriscus
660 3787 773 3861 τρόπον
799 3788 993 3861 γραμματικῶν
1022 3788 1197 3842 mentionem
1228 3787 1363 3840 disertam
1393 3785 1469 3848 lacit,

251 3872 334 3925 facile
358 3875 539 3941 consequitur
563 3875 649 3928 etiam
672 3875 743 3928 alios
764 3876 880 3948 τρόπους
902 3877 920 3929 i.
940 3875 1135 3950 appropiasse
1159 3873 1291 3942 Pergami
1315 3875 1396 3924 notos
1417 3887 1470 3922 nec

249 3961 363 4012 omnino
382 3979 411 4014 π,
430 3959 543 4031 τρόπον
557 3962 663 4028 scripta
681 3979 697 4014 a
715 3961 897 4030 Pergamenis
917 3963 1008 4016 aliena
1025 3963 1120 4015 fuisse.

338 4046 361 4116 ³)
382 4047 417 4098 cf.
437 4047 467 4100 C.
482 4047 513 4100 G.
534 4045 648 4115 Zumpt,
667 4048 753 4101 ueber
772 4049 826 4101 den
845 4050 971 4103 Bestand
990 4051 1040 4102 der
1057 4050 1157 4117 philos.
1177 4047 1300 4101 Schulen
1318 4047 1348 4098 in
1365 4044 1470 4108 Athen,

247 4133 342 4186 Berol.
364 4135 430 4187 1843
449 4152 475 4202 p.
497 4136 528 4187 lo
546 4152 572 4187 u.
595 4136 622 4201 13
642 4134 839 4201 Wilamcwitz,
858 4136 957 4204 Antig.
975 4153 1002 4203 p.
1023 4137 1072 4188 lca
1091 4153 1129 4203 sq.

340 4221 363 4287 ¹²)
383 4222 478 4274 obiter
500 4238 601 4274 moneo
620 4224 770 4289 plerosque
788 4221 977 4292 Pergamenos
997 4223 1108 4275 eosdem
1129 4220 1292 4274 Stoicorum
1311 4217 1471 4272 doctrinam

247 4307 392 4375 professos
411 4325 482 4374 esse,
503 4326 620 4377 eamque
639 4309 674 4362 cb
695 4326 809 4362 causam
827 4310 887 4362 veri
905 4313 949 4362 est
969 4309 1060 4362 simile
1079 4325 1125 4360 eos
1144 4307 1334 4360 astrictiorem
1347 4306 1470 4372 aliquan·

250 4397 336 4460 toque
362 4397 583 4448 contractiorem
603 4397 761 4448 orationem
780 4397 810 4448 id
828 4401 871 4450 est
889 4397 924 4448 ab
942 4395 1056 4449 Asianis
1076 4395 1296 4447 diversissimam
1314 4396 1471 4464 adamasse,

248 4481 282 4532 cf.
302 4481 358 4533 Cic.
377 4481 458 4534 Brut.
484 4483 547 4548 120;
576 4482 609 4536 de
633 4499 672 4536 or.
691 4481 806 4550 111663
834 4483 938 4535 Brutus
957 4481 1069 4535 Stoicus
1087 4481 1291 4535 Demosthenis
1312 4483 1471 4539 amantissi-

247 4583 308 4620 mus
329 4585 364 4620 ne
383 4567 541 4622 Isocratem
560 4569 675 4636 quidem
693 4569 835 4639 probavit,
855 4569 889 4622 cf.
908 4568 964 4622 Cic.
984 4587 1024 4624 or.
1042 4573 1085 4628 40.
