3362 5216
830 249 871 320 69

243 448 347 545 gradu
367 483 498 546 prorsus
521 453 644 528 detrusi
663 468 739 526 sunt
753 462 885 543 Asiani;
909 461 1060 530 Atticum
1082 462 1220 548 denique
1235 451 1311 530 inde
1327 487 1400 532 eum
1415 476 1466 532 co⁴

243 588 387 651 gnoscas,
410 565 498 648 quod
514 566 556 630 ad
571 571 715 630 veterum
732 572 896 631 oratorum
912 572 944 632 et
959 567 1127 632 rhetorum
1142 569 1331 634 Atticorum
1346 571 1467 654 scripta

243 691 313 736 sese
336 670 513 754 applicavit
534 671 568 733 in
590 671 771 755 praeceptis
787 670 960 734 rhetoricis
977 669 1205 734 confirmandis
1219 670 1270 736 vel
1284 673 1466 738 refutandis

245 772 369 860 (Anon.
399 795 480 852 τεχυ.
504 776 577 836 431.
600 775 679 851 441;
709 771 861 856 Spengel,
885 793 992 857 corcy.
1016 795 1047 856 p.
1073 777 1111 837 13
1135 774 1197 858 sq.)
1219 774 1370 856 idemque
1392 797 1467 840 con-

242 877 405 942 demnavit
426 875 567 940 furorem
589 873 750 940 Asianum
773 874 856 960 (Oio.
883 874 978 939 Brut.
995 881 1073 955 2763
1109 875 1183 941 Seu.
1206 878 1289 942 rhet.
1313 884 1413 942 contr.
1428 880 1466 944 X

241 1000 384 1064 prooem.
403 983 542 1044 14-16.
582 979 620 1043 ΙΙ
641 983 670 1060 1,
688 978 753 1063 36),
777 998 798 1041 a
820 999 884 1060 quo
906 983 1034 1043 tantum
1055 977 1146 1058 afuit,
1168 985 1206 1043 ut
1227 980 1302 1044 libri
1325 983 1393 1045 eius
1415 983 1467 1046 vel

242 1083 417 1147 aridissimi
434 1082 678 1166 appellarentur
693 1079 785 1165 (Tac.
802 1080 877 1145 dial.
900 1082 962 1164 19).
1007 1081 1093 1146 idem
1109 1082 1297 1148 Atticorum
1312 1085 1465 1167 studium,

241 1187 344 1251 donec
360 1185 557 1269 Apollodori
572 1184 724 1267 discipuli
746 1184 904 1263 vixerunt,
929 1183 1083 1266 Pergami
1107 1185 1256 1250 obtinuit.
1292 1209 1396 1270 neque
1418 1189 1466 1252 in·

240 1289 412 1354 ferioribus
456 1289 594 1354 saeculis
638 1288 780 1353 evanuit.
845 1307 978 1368 prorsus
1022 1288 1281 1371 Apollodoreum
1326 1291 1466 1356 describi

240 1392 435 1476 opinaberis,
451 1392 487 1476 ‚si
509 1389 740 1474 percensueris,
764 1409 847 1472 quae
869 1389 909 1452 de
931 1388 1098 1455 Aristoole
1121 1392 1223 1457 tradit
1244 1393 1466 1458 Philostratus

240 1518 268 1559 u.
293 1517 317 1560 s.
340 1495 379 1562 II
402 1499 436 1558 3:
460 1487 480 1580 ἡ
503 1491 538 1558 δὲ
561 1487 634 1558 ἰδέα
656 1495 715 1556 τοῦ
737 1488 830 1576 λόγου
854 1491 984 1580 διαυγὴς
1006 1491 1065 1576 μὲν
1082 1493 1138 1559 καὶ
1157 1489 1374 1577 ἀτυικίζουοοι,
1398 1497 1465 1561 dru-

175 1675 180 1690 .
240 1596 393 1682 λέγεσθαι
416 1594 451 1661 δὲ
474 1592 645 1679 ἐπιτηδεία
667 1595 788 1677 μᾶλλον
812 1589 832 1683 ἢ
854 1589 1078 1680 ἀγωνίζεσθαι,
1106 1596 1182 1685 χολή
1205 1619 1241 1661 τε
1263 1597 1325 1685 γὰρ’
1346 1593 1466 1665 ἄπεστι

238 1703 297 1765 τοῦ
318 1697 413 1785 λόγου
435 1698 491 1764 καὶ
514 1695 609 1786 ὁρμαὶ
638 1695 721 1784 πρὸς
747 1696 857 1784 βραχὺ,
887 1692 969 1785 αὐτή
996 1721 1031 1762 τε
1061 1693 1289 1786 vilissimum,
1317 1697 1346 1765 el
1374 1702 1467 1789 παρὰ

238 1803 296 1892 τὴν
317 1806 376 1867 τοῦ
386 1798 537 1889 Ἡρώδου
552 1801 700 1886 γλῶσσαν
716 1797 930 1884 βασανίζοιυο,
951 1802 1222 1887 isarel-cyriades
1242 1801 1329 1884 δόξει
1344 1804 1466 1886 μᾶλλον

220 1890 259 1993 ό)
280 1903 395 1990 κρότου
417 1928 452 1970 τε
473 1904 530 1970 καὶ
551 1901 645 1994 ἠχοῦς
666 1905 873 1989 §amictum
902 1905 999 1969 etism
1013 1926 1106 1988 -quae
1129 1906 1168 1972 II
1191 1911 1232 1971 14
1255 1908 1295 1970 de
1317 1907 1465 1973 Atheno-

241 2009 319 2074 doro
342 2015 375 2073 et
390 2009 429 2073 II
442 2013 462 2072 9
474 2003 519 2073 'de
534 2009 683 2075 Aristide
699 2010 768 2074 eius
784 2008 950 2090 discipulis
968 2008 1056 2090 apud
1072 2009 1208 2073 eundem
1224 2009 1463 2076 Philostratum

240 2113 361 2197 scripta
395 2117 484 2192 sunt,
517 2113 580 2176 huc
611 2113 745 2177 faciunt.
790 2131 875 2194 quae
908 2132 981 2176 cum
1013 2113 1062 2176 ita
1091 2112 1170 2195 sint,
1205 2113 1373 2196 Pergami,
1407 2115 1465 2179 ubi

240 2216 398 2280 Asianam
437 2215 656 2298 eloquentiam
693 2215 865 2299 paullatim
898 2215 1061 2298 exceperit
1093 2213 1280 2279 Atticorum
1313 2217 1462 2297 imitatio,

240 2319 366 2402 copiam
388 2319 519 2383 canonis
542 2318 648 2402 qualis
671 2318 724 2383 hic
746 2324 794 2382 est
816 2317 1035 2382 constituendi
1057 2317 1200 2382 adfirisse
1222 2340 1316 2384 nemo
1342 2320 1464 2385 infitias

238 2421 308 2486 ibit.
362 2420 500 2502 accedit,
536 2420 638 2504 quod,
676 2420 733 2502 qui
766 2419 850 2486 solos
883 2419 1025 2486 forenses
1061 2427 1207 2486 oratores
1240 2423 1274 2486 in
1308 2444 1464 2488 canonem

238 2525 376 2607 recepit,
421 2524 659 2607 Pergamenam
702 2525 845 2607 respexit
889 2524 1172 2604 consuetudinem
1223 2523 1463 2608 Apollodorum

238 2629 369 2710 quidem
395 2627 465 2692 solo
490 2625 636 2691 iudiciali
658 2647 775 2709 genere
796 2628 830 2690 in
852 2647 912 2690 sua
934 2633 1005 2691 arte
1029 2632 1216 2692 contentum
1239 2627 1338 2693 fuisse
1362 2627 1464 2712 Quin-

238 2731 369 2794 tilianus
392 2731 450 2796 ΠΙ
473 2735 501 2811 1,
527 2735 543 2794 1
569 2729 624 2813 (cf.
647 2730 686 2794 ΙΙ
710 2734 759 2810 15,
787 2728 839 2815 12)
864 2729 1004 2794 disertus
1028 2735 1077 2794 est
1099 2732 1202 2795 testis.
1541 2813 1545 2818 .

324 2833 418 2898 Haec
439 2833 562 2914 omnia,
586 2853 671 2914 quae
699 2832 738 2896 de
761 2833 893 2898 canonis
916 2833 1043 2916 origine
1061 2832 1265 2916 Pergamena
1286 2833 1461 2918 disputavi,

239 2937 283 3002 ad
315 2935 578 3020 persuadendum
610 2942 689 3019 puto
724 2937 803 3000 satis
832 2935 932 3002 fuisse
970 2937 1228 3002 accommodata:
1267 2938 1306 3003 de
1328 2959 1462 3003 numero

238 3041 372 3105 denario
398 3061 485 3105 nunc
511 3039 672 3122 quispiam
700 3060 752 3104 me
781 3040 952 3104 monuerit.
1002 3061 1041 3104 ac
1069 3039 1214 3123 profecto
1244 3038 1463 3126 δεκοπρώυωυ

239 3165 370 3224 munus,
396 3143 484 3226 quod
512 3141 678 3226 exemplar
699 3143 832 3207 canonis
854 3143 981 3208 auctori
1003 3143 1208 3208 obversatum
1231 3165 1300 3209 esse
1322 3144 1390 3207 veri
1412 3150 1462 3206 est

238 3247 451 3327 simillimum,
481 3245 693 3329 Pergamenis
721 3267 786 3310 non
814 3243 878 3310 fuit
904 3247 1068 3330 ignotum,
1100 3247 1259 3329 siquidem
1288 3247 1463 3330 pleraeque

237 3349 339 3415 Asiae
366 3351 464 3416 urbes
492 3370 593 3433 regno
615 3349 819 3432 Pergameno
841 3356 935 3413 erant
956 3349 1151 3432 attributae,
1183 3350 1310 3416 Tralles
1330 3351 1463 3432 insuper

237 3458 269 3517 et
300 3453 547 3536 Philadelphia,
578 3453 636 3516 ubi
669 3448 897 3538 δεκαπριόυους
927 3451 1027 3517 fuisse
1058 3474 1156 3535 supra
1187 3452 1357 3533 adnotavi,
1390 3474 1462 3518 cum

235 3557 398 3640 Pergamo
422 3564 498 3639 apte
519 3557 649 3620 iunctae
673 3561 767 3622 erant
777 3554 817 3641 1);
838 3575 943 3638 neque
965 3555 1139 3638 quisquam
1159 3556 1312 3620 instituta
1333 3557 1461 3620 Asiana

235 3661 314 3724 satis
342 3659 535 3744 pervulgata
559 3659 684 3724 rhetori
706 3657 909 3740 Pergameno
940 3659 1074 3742 cognita
1103 3679 1172 3724 esse
1200 3660 1346 3742 potuisse
1377 3659 1460 3724 serio

234 3764 410 3846 negaverit.
455 3767 490 3827 at
516 3762 550 3826 in
580 3769 733 3845 promptu
763 3765 813 3825 est
840 3761 1025 3842 gravissimi
1052 3761 1207 3827 momenti
1229 3762 1458 3843 testimonium,

233 3887 297 3948 quo
334 3886 490 3931 canonem
524 3865 677 3950 Pergami
714 3865 928 3947 compositum
964 3885 1034 3930 esse
1069 3865 1168 3930 etiam
1202 3864 1375 3930 dilucidius
1409 3866 1459 3929 in·

233 3969 406 4052 tellegitur.
451 3974 580 4034 exstant
616 3969 700 4034 enim
738 3969 820 4034 duae
853 3967 1015 4032 artificum
1048 3968 1185 4033 decades
1221 3967 1297 4032 huic
1327 3975 1458 4034 nostrae

232 4074 425 4154 simillimae,
458 4093 539 4157 quas
569 4073 731 4157 Pergamo
762 4072 919 4154 originem
950 4071 1080 4137 duxisse
1111 4073 1191 4136 mihi
1220 4073 1350 4155 quidem
1383 4093 1456 4155 per-

231 4197 361 4241 suasum
395 4183 452 4242 est.
499 4175 737 4261 Quintilianus,
770 4175 841 4257 ubi,
876 4174 932 4258 qui
965 4174 1117 4259 deinceps
1150 4175 1225 4240 inde
1260 4176 1301 4240 ab
1336 4176 1455 4240 artium

229 4279 415 4365 primordiis
458 4301 561 4363 usque
605 4279 647 4346 ad
692 4299 851 4344 summum
895 4277 1008 4344 florem
1049 4279 1191 4362 pictores
1230 4283 1263 4343 et
1300 4277 1462 4345 statuarii

318 4501 340 4574 ²)
358 4502 391 4556 cf.
410 4503 506 4569 bleisa
523 4501 606 4574 Perg.
625 4500 715 4556 Reich
732 4518 760 4571 p.
778 4504 803 4555 2.
823 4502 871 4571 265
890 4499 988 4572 Steph.
1009 4501 1075 4571 Byz.
1093 4517 1157 4554 av.
1178 4496 1273 4556 Φιλαδ.
