3362 5216
823 226 841 286 5

729 315 931 322 Μ.-

218 431 408 515 plerumque
430 431 552 496 abeunt
575 434 683 512 partes
692 429 734 514 ¹),
764 429 819 511 qui
843 427 1021 493 Caecilium
1048 428 1211 492 rhetorem
1235 427 1440 495 Calactinum
1492 427 1497 440 '

218 533 348 599 decadis
370 539 535 599 auctorem
558 531 657 596 luisse
680 531 825 595 evincere
849 530 983 595 studuit.
1029 530 1199 594 novissimo
1216 530 1346 596 demum
1360 537 1440 595 tem·

217 658 295 718 pore
315 636 430 700 Meieri
458 639 651 717 argumenta
676 633 877 716 impugnavit
899 633 1044 714 Hampe,
1078 633 1134 715 qni
1166 632 1296 715 quidem
1323 633 1392 714 ipse
1420 655 1440 696 a

217 738 359 820 Didymo
383 737 597 802 Chalcentero
620 741 767 800 oratores
782 735 913 799 Atticos
934 734 968 797 in
991 734 1158 798 denarium
1180 750 1347 798 numerum
1371 755 1439 800 esse

216 839 337 905 relatos
352 841 413 904 sibi
428 839 605 924 persuasit;
628 837 715 902 idem
730 837 843 902 eodem
857 842 1003 920 tempore
1019 837 1119 902 sensit
1134 837 1175 900 n.
1191 837 1437 922 Ballheimerb,

216 943 269 1007 cui
291 943 443 1008 denarius
465 961 617 1005 numerus
640 944 815 1018 oratorum,
838 939 872 1002 in
888 938 1021 1022 Didymi
1045 940 1283 1004 commentariis
1298 941 1439 1023 primum

213 1044 393 1125 adhibitus,
416 1043 574 1127 Dionysio
590 1041 722 1125 Didymi
744 1041 874 1125 aequali
895 1041 1034 1124 ignotus
1059 1040 1343 1110 Caeciliominori
1359 1049 1439 1108 natu

217 1153 369 1230 acceptus
394 1146 521 1211 videtur
543 1146 651 1210 fuisse.
692 1145 725 1208 hi
748 1143 880 1227 quidem
902 1142 963 1206 viri
985 1143 1017 1206 in
1041 1163 1076 1208 re
1098 1149 1166 1207 tam
1187 1143 1313 1209 lubrica
1335 1151 1368 1210 et
1389 1150 1440 1210 tot

215 1247 379 1333 tantisque
396 1248 653 1314 dubitationibus
669 1246 810 1311 obnoxia
825 1267 889 1311 non
901 1246 1018 1309 mirum
1031 1251 1088 1322 est,
1107 1246 1195 1328 quod
1207 1246 1440 1314 diversissimas

205 1353 319 1419 ¹secuti
342 1358 417 1416 sunt
440 1353 617 1438 opiniones.
662 1370 800 1432 quarum
823 1370 895 1414 cum
918 1347 1437 1432 11111141141114444144144144444,

215 1455 405 1537 priusquam
436 1453 478 1518 ad
511 1452 655 1536 singulas
686 1452 837 1534 deinceps
867 1449 1056 1515 refutandas
1087 1456 1119 1514 et
1148 1450 1318 1516 diluendas
1349 1473 1439 1517 aoce-

217 1557 348 1632 damuS,
382 1555 594 1621 fundamenta
630 1554 781 1637 ponenda
814 1559 903 1634 sunt,
935 1553 1052 1637 quibus
1081 1557 1153 1617 tota
1184 1553 1361 1619 constituta
1390 1561 1440 1621 est

216 1658 414 1724 dissertatio.
1294 1679 1296 1686 ·

300 1758 414 1842 Atque
446 1759 586 1842 primum
621 1755 752 1843 quidem
781 1763 948 1821 oratorum
980 1777 1138 1822 canonem
1169 1757 1329 1822 delectum
1358 1779 1437 1840 esse,

215 1862 277 1926 etsi
314 1883 373 1945 per
410 1883 445 1927 se
480 1866 573 1945 patet
609 1860 644 1924 in
676 1864 769 1924 tanto
802 1865 971 1924 oratorum
992 1857 1181 1924 Atticorum
1214 1861 1437 1940 1111111414411-

214 1963 300 2028 unde
330 1965 463 2048 insuper
486 1961 732 2046 comprobatum
760 1969 810 2025 444
833 1982 853 2025 4
876 1959 1103 2043 scriptoribus,
1131 1967 1209 2026 uta
1232 1961 1438 2045 Quintiliano

215 2067 267 2148 (X
291 2071 319 2144 l,
342 2069 393 2130 45.
418 2070 468 2130 57.
492 2070 543 2130 80.
571 2067 646 2144 104)
669 2065 758 2148 etab
775 2063 983 2146 Hermogene
1000 2062 1052 2146 (Π
1069 2065 1141 2126 397.
1164 2065 1228 2127 410
1241 2085 1288 2147 sq.
1311 2068 1374 2128 416
1388 2087 1435 2148 sq.

213 2172 278 2232 420
294 2168 375 2253 Sp),
399 2190 538 2251 quorum
560 2168 650 2250 prior
664 2166 869 2232 Demetrium
884 2165 1090 2244 Phalereum,
1113 2165 1274 2247 posterior
1296 2167 1436 2233 alterum

213 2268 453 2352 Antiphontem
485 2276 517 2334 et
551 2268 689 2334 Critiam
721 2269 844 2352 apertis
877 2266 984 2332 verbis
1013 2287 1033 2330 a
1065 2265 1186 2331 decade
1221 2267 1434 2352 distinguunt.

212 2371 344 2436 fuerunt
371 2371 502 2456 quidem
531 2378 675 2436 oratores
697 2370 818 2451 Attici,
848 2371 904 2453 qui
931 2369 1003 2433 aliis
1031 2369 1120 2452 digni
1146 2369 1333 2434 viderentur
1356 2392 1435 2451 esse,

214 2495 294 2557 quos
321 2474 474 2539 oblivioni
502 2474 679 2557 eriperent,
703 2474 862 2556 multique
889 2472 949 2536 viri
972 2471 1072 2549 docti,
1106 2471 1224 2553 quibus
1246 2479 1304 2536 aut
1326 2472 1436 2556 displi-

213 2575 309 2640 cebat
331 2577 425 2640 decas
449 2582 507 2642 aut
529 2598 644 2659 parum
660 2575 780 2640 multos
796 2574 1073 2657 complectebatur
1090 2579 1244 2654 oratores,
1266 2595 1436 2639 numerum

212 2677 380 2743 denarium
416 2679 600 2762 transgredi
633 2701 698 2744 non
731 2676 935 2741 verebantur.
980 2676 1036 2740 scd
1068 2682 1177 2740 tamen
1210 2677 1282 2756 ,hoc
1314 2677 1435 2758 ordine,

213 2802 417 2864 quocumque
439 2782 569 2846 demum
591 2788 736 2864 tempore
759 2779 907 2843 conditus
931 2784 988 2854 est,
1013 2779 1084 2842 illos
1108 2778 1218 2843 decem
1234 2799 1339 2863 neque
1355 2779 1435 2844 alios

211 2905 393 2966 quosquam
416 2884 662 2967 comprehensos
685 2904 753 2948 esse
773 2903 832 2965 pro
847 2883 1064 2946 incontestato
1078 2880 1189 2945 licebit
1205 2880 1337 2960 haberi‘,
1362 2902 1435 2946 cum
1467 2941 1468 2944 ,

212 3005 327 3067 ,neque
350 2990 407 3048 aut
434 2991 564 3066 praeter
592 2985 650 3049 hos
677 2983 760 3050 alius
783 2985 958 3068 quisquam
979 2983 1012 3047 in
1034 2983 1247 3066 probatorum
1268 2989 1435 3048 oratorum

211 3107 337 3172 canona
365 3108 386 3150 a
414 3107 578 3170 quoquam
605 3086 756 3152 tradatur
778 3107 846 3152 esse
868 3086 1008 3165 relatus,
1039 3106 1142 3167 neque
1166 3085 1295 3149 omnino
1318 3105 1436 3150 causae

213 3190 389 3272 quicquam
430 3189 486 3270 sit,
522 3211 580 3254 cur
601 3211 726 3254 canona
760 3209 828 3254 esse
859 3187 1036 3271 aliquando
1073 3189 1279 3252 immutatum
1316 3192 1438 3252 statua·

212 3291 340 3374 mus.‘³)
395 3291 460 3356 iam
504 3292 616 3356 critica
655 3313 754 3375 opera
792 3291 901 3355 decem
935 3286 1007 3353 illo's
1048 3310 1116 3354 esse
1153 3290 1273 3354 electos
1306 3309 1438 3354 consen·

212 3399 344 3456 taneum
379 3393 467 3477 est.⁴)
523 3415 599 3476 ergo
627 3392 680 3459 hic
707 3393 817 3458 decem
844 3397 1009 3456 oratorum
1038 3412 1140 3456 441144
1171 3394 1191 3455 4
1217 3392 1327 3456 critico
1350 3398 1439 3456 certo

302 3681 323 3749 ¹)
346 3680 472 3749 Theoph.
492 3680 688 3744 Burokbardt,
708 3679 810 3734 Caecil.
827 3681 899 3734 rhet.
920 3679 1032 3749 fragm„
1051 3679 1135 3735 Basil.
1157 3681 1223 3734 1863
1241 3697 1268 3747 p.
1289 3682 1334 3745 10;
1353 3679 1439 3733 Bern-

213 3766 314 3834 hardy,
341 3767 419 3820 GLG
449 3765 564 3833 1578⁸;
589 3765 698 3820 Steffen
716 3767 734 3819 1.
762 3767 780 3818 1.
803 3784 830 3834 p.
855 3768 889 3818 47
915 3783 988 3834 sqq,
1008 3765 1040 3819 Ε.
1059 3766 1144 3819 Hcitz
1162 3767 1190 3818 in
1210 3767 1239 3819 D.
1259 3765 1291 3818 Ο.
1308 3765 1439 3820 1111411411

213 3851 430 3905 ΗΙ18111813ὅ
454 3871 480 3905 11.
499 3854 533 3906 50
552 3851 674 3920 (Stuttg.
698 3854 792 3919 1876);
811 3851 942 3918 Boeckh,
961 3851 1075 3920 Encycl.
1095 3872 1121 3905 u.
1134 3851 1288 3906 Methodol.
1301 3851 1327 3904 d.
1340 3851 1437 3919 philol.

214 3937 311 4003 wisa,
330 3939 408 4007 bips.
429 3940 496 3992 1877
514 3955 540 4005 p.
561 3939 625 4004 673;
645 3937 747 3990 dubius
770 3937 869 3991 haeret
886 3937 980 4004 Blass,
1000 3938 1050 3992 ΘΒ
1071 3939 1135 4010 176.)
1153 3940 1202 3991 184
1220 3955 1261 4005 sq.
1281 3938 1338 3990 193.
1357 3937 1437 3990 ABI

212 4024 277 4090 2885
298 4023 433 4076 dissentit
451 4040 467 4076 a
485 4022 591 4076 Meiero
610 4021 789 4076 Studemund
807 4021 825 4075 1.
844 4023 862 4075 1.

300 4107 323 4174 ⁹)
342 4108 377 4160 de
395 4107 480 4162 Photi
499 4109 564 4162 vitis
583 4107 611 4161 X
630 4110 727 4172 41444,
748 4107 815 4160 diss.
835 4107 925 4162 Bonn.
947 4109 1012 4162 1877
1031 4125 1058 4178 p.
1076 4108 1110 4160 32
1129 4124 1167 4174 sq.
1187 4124 1213 4159 n.
1234 4109 1256 4160 l.

302 4191 323 4260 ³)
342 4192 394 4246 Ed.
413 4193 514 4256 bleier,
533 4194 641 4247 Andoc.
661 4193 705 4246 IV
721 4211 747 4260 p.
767 4195 783 4246 5
803 4211 843 4261 sq.

299 4278 322 4346 ⁴)
340 4278 415 4331 idem
435 4280 559 4350 conligas
579 4297 613 4333 ex
632 4297 673 4344 eo,
692 4279 768 4346 quod
786 4297 856 4331 unus
870 4280 976 4333 alterve
990 4284 1134 4334 oratorum
1147 4277 1205 4332 τῶν
1219 4279 1339 4352 πρώτων
1355 4301 1437 4352 κεκρι-

210 4370 301 4432 μένων
324 4362 388 4418 δέκα
411 4364 455 4430 εἷς,
477 4365 513 4421 εἷς
534 4364 592 4419 τῶν
613 4364 681 4435 μετὰ
708 4366 902 4434 Δημοσθένους
928 4361 1129 4438 ἒγκριθέντων,
1154 4361 1212 4417 τῶν
1230 4361 1295 4416 δέκα
1313 4363 1438 4437 ῥητόρων

212 4447 269 4502 τῶν
287 4452 442 4520 κριθέντων
458 4454 575 4504 vocatur
592 4450 639 4520 (of.
658 4449 711 4504 Ed.
729 4449 820 4503 Meier
836 4449 924 4519 ibid).
