3362 5216
800 273 841 336 97

722 359 925 368 -ο-ι--ι

211 476 424 544 describenda
450 475 572 556 iudicia
600 475 657 538 illa
689 475 927 560 usurparant
972 493 1045 538 eum
1077 475 1162 539 enim
1191 474 1321 538 illarum
1350 492 1434 536 com·

210 582 418 666 parationum
444 577 540 642 finem
567 577 666 641 fuisse
696 597 789 641 nemo
812 598 876 642 non
900 576 1001 656 videt,
1035 597 1216 660 quaecum
1240 575 1430 659 plerumque

212 688 387 768 praecepta
414 681 578 746 rhetorica
609 679 648 743 de
675 679 845 745 verborum
873 681 1106 764 compositione
1136 681 1280 746 numeris
1309 676 1431 761 figuris,

214 784 254 850 de
287 786 417 864 decoro,
453 783 493 848 de
525 782 705 846 imitatione
740 784 867 848 actione
901 784 1057 848 memoria
1090 781 1291 867 spectarent,
1324 779 1434 863 qualia

215 888 399 970 antiquiore
433 891 540 950 aetate
573 885 715 948 nondum
746 893 804 949 ant
832 884 989 969 perfecta·
1008 892 1065 951 aut
1095 869 1226 964 inuenta
1256 890 1363 963 erant,
1399 903 1436 946 eo

218 991 340 1055 maiore
363 987 596 1071 probabilitate
618 991 692 1070 post
724 991 784 1052 150
811 1009 840 1051 a.
865 987 924 1054 Oh.
948 987 1134 1053 referuntur
1162 987 1217 1073 (cf.
1241 1010 1272 1070 p.
1298 991 1337 1050 33
1361 987 1437 1072 sq).

301 1091 395 1158 Haec
416 1090 603 1169 habuimus,
634 1110 717 1171 quae
746 1091 785 1155 de
814 1098 959 1174 tempore
988 1098 1021 1155 et
1043 1090 1176 1155 consilio
1199 1089 1330 1155 illarum
1352 1110 1436 1154 com-

216 1197 423 1280 parationum
434 1192 807 1275 dissereremus;quibus
816 1193 883 1256 nixi
892 1212 977 1256 nnnc
986 1192 1026 1257 de
1037 1193 1224 1258 auctoribus
1235 1212 1436 1275 quaeremus.

218 1299 271 1364 vix
286 1296 415 1362 videtur
437 1293 632 1360 monendum
655 1314 723 1358 esse
747 1293 917 1360 aGraecis
932 1294 968 1360 id
983 1295 1126 1360 studium
1141 1316 1210 1360 esse
1227 1299 1436 1384 commotum;

217 1401 251 1467 id
280 1399 410 1483 quidem
436 1397 585 1480 Dionysii
614 1396 774 1462 Demetrii
802 1397 857 1462 Ps.
886 1397 1028 1482 Longini
1058 1419 1163 1482 neque
1190 1399 1296 1462 minus
1318 1397 1439 1462 Rorna-

217 1523 333 1568 norum
360 1499 491 1564 nomina
520 1498 652 1580 docent,
682 1519 764 1580 quos
790 1500 841 1564 his
863 1501 897 1564 in
919 1500 1016 1566 rebus
1039 1499 1241 1592 Graecorum
1263 1505 1439 1564 sectatores
1519 1529 1521 1536 ·

220 1603 319 1668 luisse
341 1601 509 1686 constatfl)
554 1622 658 1684 aeque
681 1607 933 1668 consentaneum
949 1608 1006 1684 est,
1027 1603 1193 1668 inventum
1210 1609 1242 1667 et
1256 1609 1439 1686 promotum

220 1728 287 1773 esse
307 1704 389 1769 illud
412 1703 568 1782 studium,
593 1702 649 1767 ubi
670 1704 856 1788 eloquentia
875 1727 942 1771 una
964 1727 1037 1770 cum
1058 1705 1186 1789 pictura
1206 1705 1438 1789 sculpturaque

218 1807 395 1872 floruerint.
439 1827 514 1899 ergo
531 1805 737 1870 Alexandria
751 1828 882 1890 prorsus
898 1813 948 1872 est
963 1806 1152 1891 excipienda
1169 1807 1223 1893 (of.
1239 1831 1269 1892 p.
1289 1812 1437 1888 13-153

224 1911 292 1996 72),
322 1909 362 1974 de
385 1909 449 1974 alio
471 1915 601 1992 praeter
622 1909 778 1974 Rhodum
800 1916 859 1974 aut
878 1910 1078 1993 Pergamum
1098 1910 1169 1975 loco
1193 1911 1246 1974 vix
1268 1911 1440 1994 quisquam

221 2013 427 2096 cogitaverit;
443 2011 553 2076 Rhodi
569 2033 644 2075 vero
660 2017 696 2076 ut
711 2011 811 2077 fuerit
827 2035 865 2078 ea
881 2019 990 2078 aetate
1006 2013 1099 2096 copia
1115 2019 1147 2077 et
1162 2012 1300 2077 facultas
1311 2013 1440 2076 illarum

221 2117 350 2196 artium,
365 2115 457 2178 nulla
471 2115 557 2178 iusta
571 2115 697 2179 ratione
709 2115 900 2197 inducimur,
917 2121 954 2179 ut
968 2115 1034 2194 illic
1046 2115 1130 2178 hanc
1141 2116 1260 2180 criseos
1271 2116 1441 2199 perfectio-

220 2240 294 2310 nem
309 2217 468 2282 exstitisse
485 2217 690 2281 coniciamus.
736 2217 931 2308 relinquitur
945 2217 1136 2299 Pergamus,
1158 2239 1223 2302 quo
1237 2220 1442 2301 apertissima

220 2321 357 2404 vestigia
389 2342 447 2384 nos
480 2319 654 2384 deducunt.
700 2307 1023 2404 nam'Pergamenos
1054 2319 1128 2398 illa,
1163 2319 1203 2388 de
1232 2341 1297 2402 qua
1325 2322 1441 2403 agitur,

221 2429 330 2494 aetate
353 2421 480 2486 dicendi
503 2427 608 2486 artem
631 2443 832 2506 summopere
855 2423 1031 2488 excoluisse
1049 2427 1081 2487 et
1099 2423 1244 2488 criticam
1260 2445 1393 2507 operam
1409 2425 1443 2488 in
1499 2453 1502 2462 ·
1547 2417 1549 2420 ’

221 2535 365 2592 oratores
388 2525 562 2590 contulisse
585 2523 723 2589 vidimus
738 2525 900 2608 iidemque
917 2527 1081 2608 cognitum
1096 2526 1253 2591 habemus
1272 2527 1352 2591 artis
1370 2527 1442 2609 pin-

221 2629 318 2713 gendi
339 2627 547 2711 fingendique
563 2647 617 2692 eos
632 2628 928 2711 praestantissimos
944 2629 1098 2694 habuisse
1115 2637 1274 2711 auctores,
1296 2629 1442 2694 acutissi-

224 2752 294 2796 mos
328 2730 466 2812 indicae,
501 2731 676 2814 scriptores
710 2729 990 2798 celebratissimos.
1042 2731 1154 2814 itaque
1188 2732 1276 2815 quod
1308 2731 1444 2816 Sicyone

222 2833 469 2917 philosophum,
507 2833 594 2898 idem
627 2833 783 2915 Pergami
818 2833 966 2898 rhetores
999 2833 1113 2898 iecisse
1144 2836 1178 2898 in
1210 2840 1363 2918 promptu
1396 2841 1447 2899 est

224 2936 385 3016 conicere,
412 2935 606 3018 praesertim
633 2955 706 3000 cum
727 2935 966 3018 argutissimae,
1000 2958 1081 3019 quas
1105 2938 1234 3020 saepius
1256 2938 1451 3026 reperimus,

224 3037 451 3104 similitudines
474 3037 636 3102 artificum
658 3036 758 3100 libros
783 3057 852 3101 esse
874 3046 1049 3122 usurpatos
1073 3041 1224 3123 prodant.
1270 3045 1305 3104 at
1327 3041 1444 3104 scimus

224 3144 355 3225 insuper
380 3139 562 3224 philologos
591 3139 813 3222 Pergamenos
842 3162 916 3205 cnm
942 3142 985 3206 ad
1013 3143 1117 3206 multa
1144 3142 1223 3224 alia,
1252 3150 1323 3206 tum
1346 3145 1446 3208 etiam

225 3245 268 3309 ad
289 3242 501 3309 artificiorum
527 3243 670 3307 studium
697 3242 882 3308 incubuisse
903 3245 1014 3328 itaque
1036 3245 1232 3330 philologiae
1255 3245 1447 3310 latissimum

315 3467 337 3535 ¹)
360 3482 394 3518 ex
413 3465 477 3518 Seu.
500 3463 571 3518 rhet.
596 3467 687 3516 contr.
712 3463 740 3516 X
764 3464 792 3530 53
818 3481 876 3520 cxc.
900 3469 990 3522 contr.
1011 3464 1086 3522 VIII
1108 3469 1125 3518 2
1148 3467 1344 3536 cognoscimus
1372 3470 1448 3520 totas

228 3551 432 3606 controversias
458 3568 493 3604 cx
518 3549 659 3603 artificum
683 3551 802 3605 historia
827 3552 989 3622 desumptas
1016 3571 1087 3621 esse3
1114 3553 1143 3608 X
1166 3555 1226 3620 5,8
1251 3553 1285 3607 cf.
1310 3570 1375 3606 curn
1393 3553 1447 3607 (lic.

228 3655 267 3692 or.
298 3641 322 3692 8.
356 3669 390 3678 -
420 3637 487 3690 huic
517 3636 704 3689 artificiorum
734 3638 827 3691 studio
858 3641 962 3692 mirum
992 3641 1021 3692 in
1051 3641 1167 3694 modum
1197 3658 1288 3694 sermo
1319 3640 1449 3694 terminis

228 3726 366 3779 technicis
386 3741 421 3778 ex
437 3724 549 3793 pictura
568 3725 712 3792 sculptura
732 3723 920 3778 architectura
941 3726 1098 3796 desumptis
1117 3727 1267 3780 distinctus
1287 3726 1447 3794 respondet,

229 3813 341 3880 qualem
365 3811 520 3879 reperimus
547 3810 577 3863 in
601 3811 747 3864 Ciceronis
765 3811 944 3880 potissimum
964 3816 993 3866 et
1010 3813 1142 3882 Dionysii
1160 3814 1273 3882 scriptis
1291 3813 1449 3866 rhetoricis.

316 3897 338 3966 ²)
358 3897 394 3952 cf.
414 3898 445 3952 0.
463 3895 549 3962 Jahn,
569 3897 614 3951 die
632 3898 734 3950 hellen.
748 3897 852 3962 Kunst,
872 3898 979 3967 Gryph.
995 3901 1061 3954 1846
1073 3919 1101 3970 p.
1116 3903 1150 3954 26
1163 3917 1235 3968 sqq,
1253 3899 1448 3953 unaunw.

228 3983 348 4038 111850
371 3986 562 4052 p.127sqq.;
588 3983 623 4036 ad
648 3985 707 4038 Cic.
732 3988 801 4037 orat.
827 4001 854 4052 p.
873 3983 988 4039 XXVI:
1014 3986 1069 4052 ‚die
1088 3977 1271 4040 wiederholte
1288 3986 1452 4055 Beziehung

229 4071 278 4123 aul'
299 4071 345 4124 die
368 4069 474 4123 Werke
504 4070 553 4123 der
578 4070 731 4123 bildcnden
755 4069 866 4134 Kunst,
897 4070 943 4124 die
971 4089 1020 4124 zur
1043 4071 1256 4142 Vergleichung
1283 4072 1452 4142 angefuehrt

228 4157 342 4210 werden
361 4187 393 4197 -
413 4157 474 4210 eine
492 4155 803 4226 Betrachtungsweise,
823 4157 869 4209 die
888 4157 943 4210 den
961 4157 1104 4212 Rcemern
1123 4159 1338 4228 urspruenglich
1357 4159 1450 4212 fremd

229 4260 286 4296 war
310 4235 368 4296 un'd
392 4247 449 4296 eret
473 4260 520 4295 um
544 4243 621 4296 diese
640 4241 705 4295 Zeit
723 4243 812 4296 durch
832 4243 973 4298 Griecheu
991 4243 1113 4298 Elintlnss
1134 4245 1192 4297 und
1209 4243 1342 4315 Eingang
1362 4245 1451 4311 fand3‘

231 4329 266 4382 cf.
286 4325 357 4399 ad}
375 4331 406 4396 ὃς
426 4329 457 4381 C.
476 4325 507 4380 F.
520 4327 675 4393 Hermann,
693 4329 779 4381 ueber
798 4329 843 4381 die
865 4328 986 4382 Studien
1006 4331 1056 4383 der
1074 4331 1180 4400 griech.
1194 4330 1353 4385 Kuenstler
1370 4351 1396 4400 p.
1411 4336 1452 4387 17.

193 4477 207 4500 Ι
229 4417 263 4468 56
281 4433 308 4470 n.
326 4417 373 4482 963
397 4415 518 4483 adiungo
545 4415 690 4468 Ciceronis
714 4415 923 4480 testimonium,
947 4417 1023 4484 quod
1045 4417 1076 4470 in
1099 4423 1169 4471 orat.
1194 4418 1262 4486 §36
1281 4435 1321 4485 sq.
1344 4418 1452 4488 legitur

231 4503 285 4570 (,nt
302 4502 333 4554 in
351 4500 496 4569 Graecis‘).

1286 4611 1302 4662 7
