3362 5216
777 263 980 360 ..0.-

356 467 423 535 Sed
450 467 504 532 1110
529 465 626 530 finem
655 467 859 550 imponamus
882 467 957 532 huic
979 466 1020 532 de
1042 467 1118 532 crisi
1138 467 1172 532 in
1195 473 1340 533 oratores
1362 470 1493 535 conlata

274 569 507 654 disputationi,
550 569 638 653 quod
670 570 807 634 strictim
840 572 1071 654 percurrimus,
1105 571 1208 635 multo
1240 570 1428 654 diligentius
1461 580 1493 638 et

272 674 433 757 copiosius
467 695 561 757 posse
591 673 787 756 pertractari
819 675 921 756 probe
953 674 1084 753 scimus3
1116 673 1179 738 loci
1209 678 1334 753 tamen,
1369 674 1396 738 si
1428 696 1492 740 non

270 797 379 842 omncs
403 776 572 860 patefacti,
601 781 637 840 at
666 779 753 840 certe
780 776 827 840 ita
855 776 1099 841 commonstrati
1123 781 1211 858 sunt,
1241 781 1278 840 ut
1306 777 1492 862 quaestioni

270 879 310 944 de
335 880 465 944 canonis
486 885 631 962 tempore
647 884 679 943 et
694 878 816 962 origine
832 879 882 944 his
898 878 983 943 curis
998 900 1064 944 non
1078 878 1245 944 minimum
1261 877 1494 946 adminiculum

268 983 415 1047 adlatum
447 1003 516 1046 esse
546 980 755 1047 confidamus.
799 982 919 1046 etenim
945 981 1011 1046 iam
1038 981 1094 1047 diu
1116 987 1193 1046 ante
1215 980 1406 1064 Caecilium,
1436 985 1491 1067 qui

268 1085 399 1150 criticus
421 1084 555 1149 eximius
577 1085 710 1149 canonis
731 1089 845 1148 auctor
860 1082 1063 1164 credebatur,
1086 1085 1195 1149 studia
1211 1084 1324 1148 critica
1338 1089 1492 1170 persequi

266 1188 400 1268 licebat,
428 1208 511 1270 quae
534 1207 606 1252 cum
629 1208 666 1252 eo
682 1207 785 1271 usquc
800 1185 1091 1270 progrederentur,
1115 1192 1152 1253 ut
1167 1192 1333 1252 oratorum
1348 1209 1489 1254 canones

268 1291 451 1373 prodirent,
481 1311 545 1354 non
568 1289 708 1370 fallitur,
738 1290 793 1372 qui
821 1290 919 1354 etiam
946 1289 1037 1356 illam
1061 1287 1215 1356 decadem
1241 1295 1311 1358 tum
1337 1292 1491 1357 constitui

268 1393 413 1475 potuisse
435 1391 595 1457 adfirmet.
639 1392 695 1456 ubi
716 1414 791 1457 1010
814 1393 924 1458 studia
944 1393 1002 1457 illa
1015 1391 1193 1472 floruerint,
1216 1391 1431 1476 indagaturis,
1453 1395 1492 1459 de

268 1495 386 1560 Rhodo
401 1500 439 1559 ut
453 1496 639 1578 cogitamur,
656 1495 823 1561 Ciceronis
838 1496 954 1560 harum
969 1514 1078 1559 rerum
1091 1495 1337 1578 locupletissimi
1349 1497 1493 1562 auctoris

269 1620 340 1662 cum
371 1596 510 1663 Rhodiis
537 1598 721 1663 coniunctio
749 1597 932 1680 iudiciaque
961 1598 1000 1662 de
1030 1597 1199 1679 Hyperide
1224 1596 1314 1662 10010
1333 1598 1426 1664 nobis
1449 1601 1492 1664 11-

268 1701 386 1766 dentur
401 1699 548 1782 suadere,
563 1706 598 1764 at
609 1699 722 1765 eadem
734 1699 925 1766 dissuadent
935 1701 1054 1784 potius,
1071 1720 1154 1780 cum,
1169 1700 1225 1783 qui
1237 1700 1492 1766 Demosthenem

270 1826 430 1869 summum
447 1809 610 1869 oratorem
625 1824 645 1867 a
661 1801 818 1868 Cicerone
841 1805 962 1889 ubique
984 1804 1208 1887 praedicatum
1224 1824 1292 1868 esse
1313 1823 1422 1868 secum
1444 1825 1491 1868 re-

182 1966 184 1971 ,
267 1907 446 1990 putaverit,
476 1906 517 1970 ab
539 1905 693 1986 Rhodiis,
725 1907 781 1989 qui
802 1906 1004 1989 Hyperidem
1032 1905 1158 1970 dicendi
1186 1905 1352 1988 exemplar
1371 1906 1490 1970 imitati

268 2010 334 2073 sint
371 2009 482 2093 (Dion.
520 2008 560 2072 de
589 2007 665 2072 Diu.
700 2013 719 2072 8
753 2031 784 2091 p.
819 2009 911 2096 645),
952 2009 1143 2075 Ciceronem
1180 2029 1239 2073 sua
1274 2009 1490 2091 desumpsisse

267 2133 331 2176 non
362 2113 410 2176 ita
438 2111 532 2176 facile
563 2110 624 2175 sihi
654 2112 861 2198 persuaserit.
905 2134 943 2176 ex
966 2112 1050 2176 Asia
1070 2112 1173 2193 igitur
1195 2109 1360 2176 Ciceronis
1383 2110 1490 2176 fontes

269 2213 413 2280 Graecos
442 2215 616 2277 maximam
646 2219 774 2295 partem
803 2235 872 2280 esse
900 2213 1095 2298 repetendos
1117 2213 1185 2278 1011
1209 2218 1259 2277 est
1280 2213 1430 2292 similius;
1459 2219 1491 2278 et

269 2318 447 2400 Dionysius
469 2316 600 2398 quidem
621 2316 708 2379 inter
728 2317 857 2382 criticos
880 2338 946 2382 una
968 2337 1041 2381 oum
1063 2314 1204 2381 Caecilio
1220 2313 1314 2379 facile
1329 2315 1488 2400 princepe,

247 2421 308 2492 ,cx
344 2419 427 2482 Asia
458 2439 530 2482 oum
561 2422 646 2482 00001
679 2422 769 2482 ortus
807 2418 917 2502 ibique
953 2419 1112 2498 eruditus,
1157 2418 1275 2482 similia
1311 2419 1421 2483 studia
1456 2421 1489 2484 in

268 2523 350 2587 Asia
378 2528 448 2586 tum
476 2520 713 2603 percrebruisse
742 2541 847 2605 neque
884 2543 904 2585 a
934 2522 1052 2586 sobolis
1081 2521 1252 2586 rhetoricis
1282 2521 1490 2602 abhorruisse

268 2625 348 2689 satis
375 2623 556 2687 luculenter
585 2623 689 2687 docet.
734 2629 766 2687 et
791 2623 936 2707 profecto
956 2624 1031 2688 inde
1053 2623 1095 2688 ab
1118 2623 1276 2707 Hegesia,
1306 2625 1362 2707 qui
1384 2624 1432 2688 ita
1454 2645 1488 2689 se

267 2727 407 2810 putabat
427 2726 596 2806 Atticum,
619 2731 656 2788 ut
677 2746 771 2790 10100
793 2726 867 2791 illos
888 2747 966 2809 prae
987 2747 1021 2790 00
1043 2732 1186 2808 agrestes
1209 2727 1243 2811 (i.
1267 2747 1293 2790 0.
1318 2721 1485 2812 ἀγροικοὺς
1555 2736 1560 2746 ”

268 2831 307 2895 cf.
316 2829 470 2893 iudicium
480 2828 520 2891 de
530 2827 935 2893 Dinarothemosthenis
946 2829 1124 2916 imitatore)
1133 2828 1294 2893 iudicaret
1302 2827 1384 2914 (Cic.
1394 2828 1487 2894 Brut.

269 2933 360 3018 286),
395 2937 428 2996 et
456 2929 634 2996 Cleochare
653 2931 839 3013 Myrleano,
869 2931 926 3013 qui
954 2931 1092 2996 Isocrati
1114 2931 1368 2996 Demosthenem
1396 2953 1488 3014 prae-

266 3035 393 3099 ferebat
421 3033 544 3118 (Blass,
576 3030 639 3096 ΘΒ
668 3032 737 3117 34),
765 3032 877 3097 critica
899 3033 1009 3097 studia
1038 3035 1072 3096 111
1102 3034 1186 3098 Asia
1214 3035 1302 3098 cerni
1331 3039 1485 3117 possunt,

266 3143 398 3220 praesto
421 3141 506 3211 sunt,
530 3155 613 3217 quae
636 3139 778 3198 aetatem
799 3136 961 3215 tulerunt,
988 3136 1145 3200 isocratis
1168 3136 1292 3216 ,critioi‘
1317 3141 1349 3199 01
1372 3157 1487 3218 ,gram-

226 3249 235 3263 “
267 3240 398 3318 matici‘,
421 3237 477 3320 qui
499 3258 519 3301 a
540 3237 709 3301 Demetrio
731 3235 845 3302 Sotcre
869 3237 1025 3302 Romanis
1048 3244 1098 3303 est
1118 3239 1259 3304 traditus
1282 3239 1412 3322 (Polyb.
1436 3243 1485 3318 32,

268 3346 297 3420 4,
322 3345 351 3405 5.
385 3346 416 3420 6,
440 3344 469 3404 5.
499 3344 526 3419 7,
551 3343 569 3401 6
594 3338 691 3423 sqq),
712 3339 980 3423 Agatharchidae
1002 3341 1118 3405 deinde
1134 3341 1243 3429 Cnidii
1265 3342 1487 3425 imprimisque

267 3443 428 3508 Demetrii
451 3441 615 3523 Magnetis
641 3441 785 3522 nomina,
815 3465 954 3526 quorum
982 3449 1165 3527 postremus
1195 3443 1352 3507 eiusmodi
1378 3443 1487 3508 studia

267 3547 300 3609 iu
322 3545 405 3609 libro
428 3541 504 3627 περὶ
526 3538 703 3624 ὁμωνύμων
724 3547 898 3628 congessit,
929 3568 967 3610 ex
990 3566 1056 3629 quo
1081 3567 1153 3609 oum
1174 3546 1278 3609 multa
1298 3545 1332 3610 in
1362 3544 1486 3610 Laertii

266 3647 389 3713 indices
420 3647 685 3728 homonymorum
713 3647 817 3712 inlata
845 3649 910 3712 sint
935 3646 1009 3734 (per
1034 3645 1254 3711 Favorinum?
1307 3647 1347 3711 Ε.
1375 3647 1485 3712 Μο000

266 3753 287 3815 l.
310 3751 331 3815 l.
354 3773 385 3834 p.
408 3749 479 3835 46),
507 3748 606 3837 etiam
637 3747 677 3811 de
706 3751 918 3835 scriptoribus
947 3748 1083 3829 iudicia,
1114 3750 1225 3831 qualia
1247 3751 1376 3833 saepius
1398 3749 1485 3834 apud

267 3973 353 4026 etiam
377 3972 452 4024 infra
475 3971 611 4024 secundos
618 3992 625 4036 ;
651 3972 781 4038 idemque
804 3971 820 4042 ξ
838 3973 855 4023 6
874 3970 955 4024 dicit:
981 3986 1054 4035 ,cum
1072 3972 1148 4023 esset
1165 3969 1384 4035 Demosthenes,
1403 3971 1485 4024 multi

266 4063 392 4112 oratores
411 4057 506 4126 magni
524 4061 554 4110 et
573 4057 642 4110 clari
661 4058 778 4110 fuerunt
800 4060 829 4109 01
854 4058 938 4108 antea
964 4054 1077 4108 fuerant
1095 4072 1147 4110 nec
1171 4059 1271 4125 postea
1299 4055 1484 4123 1101000111111ςὅ

267 4161 385 4212 quorum
409 4144 536 4197 ordinem
560 4144 583 4196 si
608 4143 764 4205 desideras,
789 4143 825 4195 ad
843 4142 979 4211 Hermog.
1005 4162 1033 4196 π.
1053 4139 1087 4195 id.
1110 4141 1143 4195 ll
1166 4143 1196 4194 ll
1216 4144 1254 4210 (p.
1273 4142 1324 4194 415
1346 4157 1406 4209 sqq.
1426 4141 1484 4210 Sp.)

266 4248 402 4299 provoco,
431 4230 479 4297 qui
501 4229 686 4282 Demostheni
710 4229 827 4297 primas,
852 4235 907 4284 τοῖς
925 4227 1026 4284 λοιποῖς
1044 4226 1101 4281 τῶν
1120 4225 1183 4282 δέκα
1202 4227 1350 4293 secundas,
1379 4229 1485 4281 Critiae

266 4318 367 4370 tertias
399 4316 566 4384 adsignavit.
611 4316 740 4369 notiones
778 4319 900 4386 πρωτεῖα
937 4312 1072 4382 δευτερεῖα
1100 4319 1202 4384 oparata
1229 4312 1320 4386 φέρειν
1347 4313 1484 4385 φέρεσθαι

266 4399 461 4476 ἀποφέρεσθαι
479 4398 626 4470 ἀπονέμειν
648 4405 776 4470 sumptae
799 4405 864 4453 sunt
885 4401 1036 4470 praecipue
1059 4401 1093 4453 ab
1116 4399 1253 4467 agonibus
1275 4399 1424 4466 scaenicis3
1450 4401 1483 4453 cl.

266 4487 397 4542 11111110
416 4486 473 4541 Cic.
492 4504 532 4541 or.
553 4488 598 4553 ls;
617 4486 674 4540 Cic.
693 4487 773 4540 Brut.
793 4489 855 4553 1733
875 4486 970 4554 Quint.
988 4485 1016 4540 X
1035 4487 1058 4549 l,
1077 4486 1119 4539 86.
