3362 5216
782 305 984 404 „3⁸-

276 507 418 592 quodam
440 512 606 574 oratorum
621 509 743 592 ordine,
767 511 819 575 cui
834 508 982 575 addictus
997 510 1096 576 fuerit
1109 509 1307 592 Dinarchus,
1329 511 1497 578 intellexe-

275 613 392 694 rimus,
420 618 538 693 restat,
566 617 603 675 ut
624 617 831 695 argumenta,
857 613 975 695 quibus
1002 635 1042 678 ne
1065 612 1199 680 ancilii
1220 615 1352 697 quidem
1373 622 1497 700 tempo-

275 717 365 782 ribus
393 737 547 780 canonem
570 714 669 780 fuisse
692 715 915 780 demonstrare
938 723 1083 797 conatur,
1106 717 1349 800 perlustramus.
1395 725 1495 801 atque

277 821 416 902 primum
450 819 576 883 inducit
606 818 766 882 Rutilium
800 818 931 902 Lupum
967 821 1033 886 sive
1071 821 1179 903 potius
1211 819 1378 904 Gorgiam,
1404 823 1496 886 cuius

277 926 430 1004 quattuor
454 921 567 1015 ¹libros
598 920 725 988 Graece
761 922 900 1006 scriptos
935 923 968 987 in
998 923 1154 988 Latinum
1185 944 1365 994 sermonem
1396 925 1494 988 vertit

276 1025 431 1089 Rutilius.
473 1024 528 1088 ille
545 1023 695 1109 Gorgias,
715 1025 806 1090 cuius
822 1031 913 1090 aetas
928 1025 1004 1092 inde
1020 1028 1233 1111 cognoscitur,
1250 1026 1338 1110 quod
1353 1026 1497 1110 Athenis

276 1127 441 1194 Ciceronis
470 1125 529 1192 filii
556 1129 711 1212 magister
739 1135 825 1210 erat,
853 1129 1001 1213 exempla
1023 1128 1202 1213 figurarum
1222 1129 1313 1194 nulla
1334 1150 1375 1194 ex
1396 1130 1495 1194 Anti-

274 1231 396 1316 phonte
425 1231 598 1295 Andocide
632 1231 779 1296 Isocrate
806 1231 902 1297 Isaeo
935 1232 1098 1297 Aeschine
1130 1232 1305 1313 derivavit,
1334 1231 1496 1316 decerpsit

274 1355 314 1400 ex
347 1333 448 1418 Lysia
481 1334 702 1399 Demosthene
734 1332 902 1418 Hyperide
933 1334 1083 1418 Lycurgo
1117 1334 1284 1400 Dinarcho
1319 1340 1420 1418 atque
1453 1355 1495 1400 ex

273 1437 374 1521 Lysia
394 1443 426 1502 et
441 1437 661 1502 Demosthene
681 1458 859 1522 sanequam
874 1437 1029 1522 plurima,
1052 1459 1156 1521 neque
1178 1438 1265 1504 idem
1286 1438 1393 1503 minus
1414 1459 1494 1504 usus

274 1547 324 1606 est
342 1539 497 1623 exemplis
520 1562 559 1605 ex
581 1535 710 1624 Pythea
732 1539 909 1606 Cleochare
933 1539 1082 1606 Charisia
1104 1541 1307 1607 Demochare
1322 1541 1493 1607 Demetrio

273 1644 434 1709 Phalereo
456 1642 600 1726 Hegesia
629 1649 727 1733 etex
748 1645 867 1728 ignotis
888 1643 952 1708 illis
973 1643 1109 1728 Myrone
1130 1644 1307 1728 Daphnide
1329 1643 1494 1710 Sosicrate

272 1748 430 1831 repetitis.
473 1754 656 1830 ,utrumque
679 1747 805 1812 videtur
824 1747 964 1830 probare
986 1748 1129 1813 nondum
1150 1747 1249 1814 fuisse
1272 1769 1413 1828 canona,
1436 1749 1496 1831 qni

274 1856 307 1916 et
334 1851 468 1915 omissos
493 1849 566 1914 illos
597 1849 738 1933 quinque
765 1850 1034 1934 complecteretur
1063 1856 1097 1914 et
1127 1851 1186 1916 1111
1217 1872 1332 1916 novem
1361 1857 1496 1934 praeter

273 1954 543 2037 exspectationem
565 1959 709 2017 nostram
731 1952 896 2018 adhibitos
917 1952 1123 2018 excluderet‘
1168 1954 1253 2019 hanc
1267 1955 1381 2020 Meieri
1396 1975 1494 2037 argu-

272 2059 503 2122 mentationem
523 2077 656 2139 prorsus
679 2055 819 2120 debilem
841 2077 910 2120 1111
931 2057 965 2120 11
987 2057 1099 2122 111111
1119 2057 1269 2139 incurrit,
1292 2077 1494 2142 quamquam

273 2160 396 2226 Steffen
418 2161 438 2223 l.
461 2180 487 2224 1.
510 2183 541 2243 1.
564 2163 606 2224 49
636 2160 704 2225 1111
733 2180 809 2224 1111
837 2159 961 2223 exstitit
987 2166 1157 2242 patronus:
1195 2161 1233 2240 ,si
1261 2160 1343 2241 ulla,
1376 2160 1493 2242 inquit,

272 2262 404 2328 floreret
429 2268 500 2327 tum
529 2283 633 2327 canon
660 2267 827 2328 oratorum
850 2263 1059 2344 auctoritate,
1089 2284 1161 2328 eam
1183 2284 1329 2328 normam
1350 2262 1436 2326 hunc
1457 2262 1494 2326 in

272 2366 403 2432 modum
427 2364 584 2447 Gorgiam
612 2365 839 2452 despectorum
860 2365 960 2431 fuisse
981 2387 1075 2430 nemo
1098 2367 1160 2430 nisi
1180 2365 1395 2432 Ruhnkenius
1418 2385 1493 2430 con·

271 2471 404 2535 tendere
426 2469 531 2533 11111.ί
576 2467 724 2551 equidem
747 2489 820 2532 cunr
842 2468 1037 2534 Ruhnkenio
1060 2469 1178 2549 audeo;
1207 2468 1385 2533 rectissime
1407 2468 1493 2532 enim

272 2558 502 2638 animadvertit
528 2571 692 2636 Ruhnken
720 2593 751 2654 p.
775 2575 815 2634 65
845 2570 1004 2655 Gorgiam
1032 2572 1129 2636 alieni
1155 2571 1264 2636 iudicii
1292 2571 1390 2635 etiam
1416 2591 1491 2654 gra-

271 2676 392 2740 vissimi
419 2675 611 2739 necessitate
640 2675 780 2739 noluisse
810 2675 962 2758 astringi,
992 2675 1050 2741 sed
1076 2675 1215 2739 liberum
1242 2673 1304 2738 sibi
1325 2674 1490 2756 putavisse

272 2801 326 2844 111
351 2778 487 2844 laudare
514 2783 676 2858 oratores,
707 2798 789 2860 quos
817 2785 942 2843 suomet
970 2779 1040 2862 ipse
1063 2799 1159 2844 sensu
1180 2777 1353 2860 probasset
1374 2776 1425 2842 vel
1447 2776 1491 2841 ad

271 2904 366 2947 suum
394 2903 488 2945 usum
517 2881 636 2964 optime
664 2885 775 2964 posset
795 2879 959 2946 adhibere.
1003 2881 1126 2946 nullam
1149 2879 1242 2945 rideo
1264 2899 1409 2960 causam,
1433 2901 1491 2951 cur

272 2985 413 3067 Gorgias
436 3005 534 3048 censu
557 2990 723 3049 oratorum
751 2984 926 3049 constituto
954 3005 994 3048 ex
1016 2984 1176 3064 omnibus,
1205 2983 1262 3065 qui
1281 2981 1379 3047 laude
1401 2981 1491 3066 digni

270 3087 474 3168 1111111111,
510 3087 658 3170 exempla
685 3087 890 3171 conquirere,
925 3088 1020 3168 alios,
1050 3107 1132 3172 quos
1159 3085 1265 3150 minus
1293 3085 1406 3169 dignos
1437 3106 1491 3150 ex-

271 3191 437 3256 cluserunt
460 3191 574 3272 critici,
597 3211 729 3274 prorsus
752 3189 922 3274 neglegere
944 3189 1108 3271 debuerit,
1137 3209 1335 3273 quamquam
1356 3188 1492 3254 meliora

272 3316 311 3360 ex
337 3294 376 3359 iis
404 3294 552 3378 exempla
573 3294 616 3359 ad
639 3294 767 3378 singula
788 3295 934 3380 σχήματα
955 3292 1161 3359 inlustranda
1183 3298 1328 3376 repetere
1349 3296 1488 3374 poterat.

271 3420 374 3480 neque
403 3403 441 3462 ut
467 3397 619 3477 voluerit,
644 3397 752 3480 potuit
774 3394 916 3479 Gorgias
940 3417 979 3462 ex
1001 3396 1112 3462 decern
1134 3395 1282 3461 omnibus
1305 3394 1489 3460 oratoribus

271 3502 418 3585 exempla
446 3501 648 3584 depromere,
676 3520 748 3564 cum
776 3499 833 3564 alii
861 3500 941 3564 alias
967 3498 1089 3583 figuras
1117 3498 1339 3580 adhibuerint,
1369 3497 1488 3562 multas

270 3625 403 3688 prorsus
425 3602 635 3686 neglexerint,
658 3601 893 3667 sententiarum
913 3601 1025 3686 figuris
1047 3603 1242 3684 posteriores
1265 3600 1393 3666 demum
1414 3598 1490 3664 inde

272 3709 313 3774 ab
346 3710 442 3774 Isaeo
474 3712 620 3771 oratores
660 3704 865 3769 manifestam
898 3705 1047 3770 dederint
1079 3726 1225 3789 operam,
1263 3725 1335 3769 cum
1366 3703 1490 3786 priores

270 3807 502 3900 ἀσχημάτιστοι
530 3809 722 3891 1111111111)
765 3813 961 3894 contraque,
991 3809 1047 3894 qui
1074 3807 1114 3873 de
1135 3807 1248 3892 figuris
1271 3806 1415 3892 scripsit,
1446 3804 1489 3870 ad

268 4005 470 4014 m*-

359 4121 378 4190 1)
397 4120 471 4188 quod
489 4121 545 4173 iam
558 4119 695 4174 Caecilius
713 4119 793 4184 vidit,
814 4119 848 4174 cf.
861 4117 1045 4172 Burckherdt
1056 4118 1074 4174 l.
1087 4134 1110 4171 c.
1123 4134 1149 4186 p.
1163 4120 1188 4172 9.
1200 4119 1242 4172 31.
1278 4119 1311 4170 11
1322 4131 1413 4184 11111
1424 4130 1488 4184 prc-

269 4225 371 4277 ponam
390 4208 526 4275 exempla,
540 4207 727 4275 epiphonema
744 4223 859 4275 prorsus
877 4205 1006 4274 ignotum
1025 4208 1085 4256 1111
1102 4203 1309 4272 antiquioribus
1328 4199 1488 4256 oratoribus

268 4294 375 4364 (Blass,
399 4293 451 4346 AB
469 4293 517 4347 ΙΠ
534 4295 551 4346 2
568 4311 594 4361 p.
613 4293 671 4362 39);
691 4292 924 4362 epsnadiplosecs
943 4291 1070 4359 exempla
1088 4289 1165 4342 nulla
1184 4293 1249 4342 ante
1266 4288 1487 4342 Demosthenem

268 4382 343 4451 apud
361 4386 487 4434 oratores
506 4379 687 4448 reperiuntur
704 4381 752 4449 (ib.
770 4377 843 4432 1111
862 4395 890 4446 p.
911 4378 986 4447 147);
1004 4374 1178 4446 paralipseos
1200 4391 1266 4428 usus
1285 4373 1361 4444 apud
1378 4373 1487 4442 priores

268 4470 346 4522 velut
375 4467 532 4522 Isocratem
558 4466 648 4519 multo
678 4471 721 4520 est
750 4466 841 4518 rarior
869 4463 1018 4532 minusque
1042 4461 1277 4515 animadvertitur
1304 4477 1386 4528 quam
1413 4457 1488 4527 apud

268 4555 489 4610 Demosthenem
505 4552 555 4624 (ib.
574 4569 601 4622 p.
622 4553 694 4621 157);
712 4552 884 4622 anaphoram
902 4549 1042 4606 Isocrates
1060 4565 1148 4618 paene
1159 4561 1305 4616 nusquam,
1324 4544 1488 4614 saepissime
