3362 5216
745 275 947 382 „AL

237 484 284 556 ita
317 498 355 554 ut
385 491 419 553 in
451 484 523 571 ipsa
546 484 629 553 Asia
656 507 773 552 munus
796 486 876 552 illud
899 494 1012 553 natum
1035 507 1105 552 esse
1129 480 1271 566 eluceat3
1301 497 1463 574 postremo

238 592 380 657 Romani
407 591 593 657 civitatibus
622 591 778 656 Asiaticis
806 610 881 654 suos
908 590 1123 673 permiserant
1151 593 1362 676 magistratus
1392 596 1463 658 iura

238 695 337 778 leges,
368 695 589 776 imprimisque
622 693 827 775 vectigalium
857 693 984 757 exactio
1013 698 1047 757 et
1077 697 1265 776 procuratio
1296 697 1464 778 usquead

237 797 410 864 Anastasii
422 803 570 878 tempora
580 797 667 860 inter
676 797 854 880 praecipua
867 796 1036 860 civitatum
1048 796 1217 879 privilegia
1229 799 1430 863 remanebat.
1437 801 1461 882 ¹)

237 900 355 983 quibus
385 899 551 982 perpensis
573 899 634 962 etsi
657 898 825 962 titulorum
848 903 938 962 certa
960 899 1116 963 memoria
1135 919 1201 963 non
1224 901 1416 966 adiuvamur
1424 901 1460 986 ²).
1548 899 1551 904 '

237 1011 347 1068 tamen
384 1002 449 1064 iam
483 1006 558 1065 ante
590 1001 812 1066 Romanorum
848 1001 1019 1084 imperium
1055 1002 1089 1065 in
1125 1001 1209 1066 Asia
1246 1007 1458 1070 constitutum

235 1100 453 1190 δεκαπρώτων
483 1101 564 1165 illud
597 1123 713 1165 munus
743 1103 970 1186 pervulgatum
993 1102 1093 1168 fuisse
1116 1103 1198 1167 nihil
1226 1104 1351 1187 obstat,
1383 1109 1460 1189 quin

235 1209 415 1274 credamus.
460 1205 589 1285 iamque
619 1223 693 1267 cum
724 1203 917 1288 decaprotos
946 1206 979 1269 in
1012 1226 1141 1288 quaque
1163 1206 1265 1271 Asiae
1287 1216 1394 1290 parte,
1427 1211 1460 1272 in

235 1291 332 1376 Ionia
361 1308 469 1392 Lydia
498 1305 598 1371 Caria
620 1305 765 1389 Phrygia
787 1307 944 1391 Bithynia
967 1307 1083 1374 Cilicia
1106 1307 1208 1390 Lycia
1232 1307 1340 1392 prro
1361 1309 1459 1374 fuisse

235 1409 420 1494 1111111113),
450 1408 492 1472 ad
522 1428 633 1471 eorum
662 1409 844 1491 exemplum
866 1411 997 1475 canonis
1020 1417 1187 1474 auctorem
1209 1407 1288 1474 δέκα
1312 1407 1460 1496 πρώτους

235 1537 275 1580 ex
303 1513 426 1578 Atticis
464 1509 649 1574 oratoribus
688 1510 823 1594 elegisse
862 1512 956 1577 facile
987 1513 1079 1578 nobis
1106 1513 1348 1594 persuademus.
1399 1515 1460 1579 hoc

235 1639 316 1684 novo
345 1616 445 1698 igitur
473 1619 663 1694 argumento
693 1614 726 1678 in
756 1615 839 1679 Asia
865 1637 1020 1682 canonem
1044 1615 1259 1698 compositum
1282 1637 1351 1680 esse
1375 1637 1459 1681 com-

234 1720 401 1805 probatur.

321 1821 393 1885 Iam
416 1819 544 1884 videtur
565 1819 691 1902 liquere
715 1820 847 1883 canonis
870 1825 1035 1883 auctorem
1051 1817 1150 1882 fuisse
1166 1819 1337 1884 Asianum.
1383 1842 1458 1885 nam

237 1923 277 1989 de
299 1921 437 1988 Rhodiis
465 1924 519 1986 vix
546 1943 631 1986 nuno
661 1921 833 2004 quisquam
856 1921 985 2003 cogitet.
1030 1919 1141 1986 floruit
1163 1942 1241 1986 sane
1263 1921 1374 1987 Rhodi
1397 1923 1460 1987 elo·

236 2027 385 2110 quentia,
417 2026 519 2107 viguit
546 2024 657 2088 Rhodi
680 2024 833 2088 Atticum
861 2023 990 2088 dicendi
1018 2043 1134 2106 genus,
1162 2023 1308 2090 rhetores
1337 2025 1460 2090 Rhodii

234 2129 329 2194 multi
350 2128 443 2193 nobis
468 2127 694 2208 innotuerunt,
727 2133 825 2208 atque
849 2127 947 2190 etiam
968 2125 1095 2190 forense
1119 2124 1247 2188 dicendi
1269 2147 1370 2208 genus
1391 2128 1459 2192 illic

233 2233 268 2295 in
289 2230 402 2314 primis
418 2229 547 2294 videtur
569 2228 733 2292 excultum
749 2250 829 2310 esse,
852 2229 908 2294 sed
924 2228 964 2292 de
987 2229 1106 2292 criticis
1121 2227 1325 2293 Rhodiorum
1341 2231 1458 2294 studiis

234 2334 301 2398 fere
330 2332 409 2396 nihil
432 2336 573 2410 constat,
603 2332 736 2394 canonis
758 2332 948 2413 compositio
970 2351 1102 2413 prorsus
1123 2330 1164 2395 ab
1193 2351 1303 2395 eorum
1330 2332 1458 2398 ratione

234 2432 362 2500 dicendi
395 2433 567 2512 abhorret,
602 2433 692 2498 aliud
725 2438 950 2516 argumentum
983 2432 1207 2515 gravissimum
1240 2434 1351 2516 paullo
1383 2443 1458 2518 post

233 2537 425 2621 proferetur.
470 2556 556 2599 nunc
580 2537 734 2617 quoniam
755 2534 812 2599 ubi
834 2535 1037 2619 potissimum
1061 2555 1163 2600 canon
1186 2537 1381 2602 constitutus
1405 2540 1455 2618 sit,

232 2640 379 2704 videmur
409 2637 602 2718 ostendisse,
634 2644 750 2719 restat,
782 2647 833 2718 ut,
871 2637 1002 2720 quando
1037 2638 1069 2703 in
1104 2637 1207 2703 lucem
1240 2639 1374 2705 emissus
1404 2643 1456 2722 sit,

234 2743 446 2826 exploremus.
485 2761 583 2822 quam
606 2739 649 2804 ad
671 2740 894 2820 quaestionem
914 2739 1101 2806 solvendam
1117 2742 1248 2806 canonis
1265 2743 1456 2826 compositio

232 2846 340 2910 nescio
368 2866 410 2907 an
439 2843 614 2926 plurimum
644 2840 773 2906 adferat
800 2843 938 2908 luminis,
984 2864 1060 2907 nam
1091 2842 1178 2925 quod
1206 2844 1266 2908 soli
1287 2845 1394 2910 Attici
1421 2847 1454 2912 iu

233 2969 389 3014 canonem
429 2946 524 3009 relati
562 2950 652 3024 sunt,
693 2966 756 3010 non
790 2951 866 3010 ante
899 2945 1085 3010 Atticorum
1131 2947 1274 3012 studium
1307 2954 1456 3014 renatum
1520 2987 1524 2992 ·

232 3071 388 3116 canonem
411 3047 592 3112 consectum
608 3067 677 3110 esse
692 3047 826 3130 probat3
851 3047 939 3131 quod
954 3048 1153 3113 Asianorum
1168 3049 1283 3114 habita
1297 3057 1347 3116 est
1361 3053 1456 3132 ratio,

232 3154 327 3219 docet
343 3173 381 3216 eo
396 3158 552 3233 tempore,
568 3171 632 3232 quo
648 3169 753 3214 canon
766 3151 960 3215 constitutus
977 3151 1028 3230 sit,
1041 3150 1230 3216 Atticorum
1241 3153 1457 3220 imitationem

231 3256 375 3340 nondum
397 3260 464 3318 tam
485 3251 551 3316 late
576 3250 815 3335 percrebruisse
838 3260 871 3318 et
893 3259 1064 3336 tantopere
1087 3255 1196 3322 omnia
1211 3275 1397 3340 occupasse,
1420 3265 1457 3323 ut

326 3476 347 3543 ¹)
366 3474 400 3528 ef.
423 3472 569 3539 Huschke,
593 3474 679 3527 ueber
701 3472 754 3526 den
779 3472 884 3527 Census
907 3473 957 3527 der
984 3475 1134 3530 t'rueheren
1156 3476 1315 3531 Kaiserzeit
1341 3495 1369 3548 p.
1394 3482 1456 3546 143;

234 3561 271 3616 Ε.
298 3561 400 3624 Kuhn,
424 3560 468 3612 die
490 3559 664 3612 staedtische
691 3557 749 3610 und
770 3557 967 3628 buorgerliche
994 3559 1179 3631 Verwaltung
1206 3563 1252 3616 des
1280 3565 1457 3620 roemischen

230 3646 346 3711 Reichs,
365 3645 444 3713 Lips.
465 3645 531 3698 1864
550 3644 565 3698 I
583 3663 611 3713 p.
630 3645 744 3710 55-60;
764 3643 931 3711 Marquardt
949 3646 966 3703 1.
986 3646 1003 3699 l.
1022 3645 1038 3699 Ι
1055 3649 1097 3702 78.
1132 3647 1180 3701 81²
1198 3665 1259 3716 sqq.

317 3731 340 3800 ²)
358 3735 484 3785 vetustas
508 3732 634 3784 muneris
658 3730 788 3798 videtur,
802 3730 920 3784 indicari
947 3733 976 3784 in
998 3732 1083 3786 titulo
1106 3733 1224 3802 Iotapae
1248 3735 1366 3788 invento
1390 3736 1456 3790 ele

230 3819 299 3872 4413
318 3834 347 3872 c:
372 3814 386 3870 ὁ
406 3815 487 3886 δῆμος
507 3821 629 3885 &crippus
649 3816 767 3870 Κόνωνα
782 3847 815 3856 -
830 3823 942 3871 νεανίαν
960 3814 1084 3891 ἀγαθόν,
1103 3821 1276 3894 προγόνων
1293 3828 1457 3895 παναρέτων

230 3911 276 3958 καὶ
295 3902 520 3975 ὃεκαπρώτων
538 3919 599 3972 sqq.

316 3988 336 4058 ³)
366 3990 449 4042 urbes
485 3989 539 4040 hae
579 3987 743 4041 traduntur:
779 3987 896 4042 Miletus
932 3987 998 4043 GIG
1031 3991 1113 4058 22643
1147 3991 1212 4045 add.
1240 3993 1333 4047 926411
1368 3995 1456 4064 (unde

232 4077 392 4144 Amorgum
416 4073 600 4147 δεκαπρώτων
622 4091 722 4126 munus
746 4090 762 4127 a
785 4074 891 4128 colonis
917 4077 1155 4146 transferebatur)
1186 4081 1215 4131 et
1241 4078 1363 4147 Smyrna
1387 4081 1454 4134 3201

231 4160 345 4226 Ioniae,
364 4158 561 4228 Philadelphia
579 4161 655 4213 3429.
673 4161 743 4213 3418
763 4182 792 4206 =
812 4159 915 4215 Wadd.
928 4163 980 4216 650
997 4166 1027 4216 11
1038 4161 1173 4231 Thyatira
1190 4164 1267 4216 3490.
1282 4165 1359 4220 3491.
1377 4167 1455 4234 3496,

229 4249 297 4300 3498
310 4246 425 4314 Lydiae,
443 4246 552 4300 Tralles
565 4245 664 4300 Cariae
682 4247 759 4298 2929.
777 4246 854 4300 2930.
882 4246 945 4300 add.
964 4247 1058 4303 2930b
1073 4271 1103 4296 =
1118 4248 1220 4303 Wadd.
1238 4250 1297 4315 610,
1317 4251 1453 4320 oppidum

227 4332 338 4385 Denizli
361 4349 450 4401 prope
473 4332 642 4386 Laodiceam
664 4332 700 4384 ad
722 4330 830 4398 Lycum
852 4332 883 4385 in
900 4331 1025 4403 Phrygia
1045 4335 1230 4401 1111113945,
1249 4334 1317 4388 Cius
1337 4337 1405 4390 3739
1424 4341 1454 4389 11

228 4416 317 4471 Prusa
335 4417 437 4472 Wadd.
459 4420 525 4471 1176
542 4417 707 4485 Bithyniae,
730 4416 833 4486 Iotapa
851 4419 972 4474 01111111,
984 4421 1081 4474 44131.
1099 4420 1207 4487 arob,
1226 4419 1331 4476 Patara
1348 4421 1453 4490 Lyciae

227 4505 305 4570 4989,
324 4503 443 4558 Salamis
463 4504 549 4574 Cypri
568 4503 647 4558 9639.
