3362 5216
788 299 830 365 77

198 501 286 592 (Birt
311 481 352 590 p,
366 508 427 572 481
444 529 475 571 n.
498 504 549 593 4),
573 503 812 589 Vargunteium
839 507 873 572 in
896 503 996 572 Ennii
1023 501 1195 570 annalibus
1227 502 1417 568 enarrandis

169 703 171 708 J
200 609 340 676 Cratetis
362 609 544 693 exemplum
559 616 722 692 spectasse
738 631 802 674 non
818 610 927 692 inepte
943 608 1100 674 conicitur
1116 607 1359 692 (Wachsmuth,
1377 607 1417 672 de
1487 691 1490 698 ἱ

200 711 288 778 Orat.
315 711 405 778 Mall.
434 733 464 796 p.
495 712 538 798 7).
583 713 695 794 itaque
728 711 845 778 Grates
880 711 989 776 studia
1020 712 1234 794 grammatica
1268 710 1417 794 idemque

198 815 308 880 critica
333 814 474 879 Romam
503 813 688 892 transtulit3
726 835 798 879 cum
825 815 1046 898 grammaticis
1074 834 1150 878 uero
1177 813 1342 877 rhetorica
1370 814 1419 877 ita

198 918 320 982 sociata
357 925 462 997 erant,
501 923 552 1000 ut,
591 917 679 999 quod
716 916 756 982 de
793 919 955 982 veteribus
994 916 1214 998 grammaticis
1259 916 1417 980 Romanis

197 1019 299 1084 tradit
336 1019 524 1102 Suetonius,
565 1021 709 1103 ,quidam
753 1041 769 1084 e
813 1021 1016 1103 grammatici
1054 1019 1165 1085 statim
1201 1018 1278 1082 ludo
1307 1010 1419 1084 'trans-

197 1125 294 1188 ierint
326 1124 358 1188 10
392 1122 497 1188 forum
531 1129 630 1206 atque
659 1124 693 1188 in
724 1144 895 1188 numerum
927 1123 1280 1205 praestantissimorum
1309 1129 1419 1204 patro-

198 1248 312 1292 norum
345 1227 411 1291 sint
443 1227 585 1309 recepti‘
635 1231 673 1290 ut
706 1227 797 1292 varia
826 1226 1022 1309 philologiae
1056 1225 1165 1291 studia
1202 1223 1334 1306 Crates,
1371 1227 1419 1290 ita

200 1330 263 1394 alia
291 1330 347 1394 alii
369 1329 564 1412 Pergameni
590 1328 715 1395 Romae
742 1336 972 1412 promoverunt
1001 1334 1035 1394 et
1063 1329 1315 1409 const'tuerunt,
1347 1349 1421 1410 geo-

200 1433 356 1517 graphica
396 1438 428 1497 et
462 1433 618 1498 historica
652 1432 824 1498 Oornelius
856 1431 1048 1497 Alexander
1080 1431 1282 1514 Polyhistor,
1324 1453 1421 1514 quem

203 1555 229 1600 c.
273 1539 314 1599 85
354 1535 493 1600 Romam
539 1535 683 1600 delatum
720 1557 789 1601 esse
829 1536 946 1600 seimus
958 1535 991 1622 ¹),
1035 1534 1230 1618 philosopha
1273 1533 1420 1600 Atheno-

202 1637 297 1702 dorus
333 1637 462 1704 Stoicus
496 1661 515 1702 a
548 1637 674 1704 Catone
710 1639 851 1704 Romam
883 1638 1054 1718 deductus,
1090 1637 1253 1702 rhetorica
1285 1636 1420 1720 Apollo·

201 1741 312 1820 dorus,
343 1743 399 1825 qui
429 1749 587 1824 quantum
616 1748 815 1807 momentum
846 1741 888 1806 ad
915 1741 1058 1806 studium
1086 1741 1273 1821 Attioornm
1295 1741 1419 1806 Romae

199 1844 428 1909 stabiliendum
472 1845 638 1923 attulerit,
683 1864 769 1909 nuno
813 1845 892 1908 satis
937 1842 1105 1930 constat.²)
1172 1850 1304 1927 praeter
1345 1844 1419 1908 illos

198 1949 361 2031 principes
383 1948 615 2031 Asclepiadem
637 1947 843 2032 Myrleanum
866 1948 1021 2028 alterum,
1044 1946 1202 2030 Hesychii
1225 1969 1250 2011 s.
1273 1947 1421 2012 Philonis

199 2050 309 2134 Byblii
344 2052 378 2119 in
413 2051 698 2134 grammaticorum
732 2058 807 2116 ante
841 2049 1030 2134 Augustum
1066 2048 1250 2114 florentium
1286 2071 1421 2115 recensu

199 2160 372 2235 auctorem,
396 2155 521 2219 Romae
536 2154 684 2238 Pompeii
707 2159 813 2219 aetate
836 2155 954 2218 vixisse
972 2153 1176 2235 exploratum
1200 2158 1257 2232 est,
1279 2155 1421 2236 itemque
1474 2181 1476 2184 ·

200 2257 317 2323 Suidae
340 2279 364 2322 s.
388 2280 416 2321 r.
440 2258 665 2322 Ptolemaeum
685 2257 912 2322 Ascalonitam
932 2257 1121 2324 Orateteum
1135 2257 1261 2322 Romae
1276 2257 1422 2322 docuisse

199 2360 314 2440 tradit3
360 2361 400 2425 de
444 2360 641 2444 Apollodori
685 2360 844 2443 discipulo
881 2359 1015 2424 Moscho
1048 2359 1179 2424 rhetore
1216 2359 1420 2442 Pergameno

199 2485 296 2546 supra
339 2465 438 2529 verba
482 2464 558 2543 ieci;
603 2469 767 2547 postremo
811 2464 962 2528 Panaetii
999 2461 1142 2527 Cratetis
1187 2462 1338 2547 discipuli
1373 2465 1421 2527 vis

199 2573 322 2650 quanta
348 2567 448 2631 luerit
474 2566 563 2649 apud
590 2567 773 2648 Romanoa,
798 2568 1001 2632 notissimum
1031 2572 1089 2630 est.
1132 2567 1244 2648 itaque
1273 2565 1420 2640 videmus

199 2669 418 2754 Pergamenos
470 2671 666 2734 anctoritate
715 2671 748 2734 in
797 2671 910 2753 primis
958 2691 1061 2752 usque
1119 2668 1206 2752 apud
1255 2669 1421 2733 Romanos

199 2774 346 2855 riguisse.
391 2773 479 2856 quod
521 2793 596 2838 vero
625 2773 720 2856 primi
765 2774 873 2838 studia
915 2773 1067 2840 Romana
1107 2776 1349 2837 commoverunt
1389 2778 1423 2836 et

200 2876 241 2941 ad
282 2883 404 2941 certam
441 2897 587 2941 normam
627 2876 829 2957 direxerunt,
881 2876 916 2941 id
953 2877 1068 2940 summi
1103 2881 1154 2939 est
1190 2876 1345 2939 momenti
1379 2859 1429 2940 ad

199 2979 282 3044 hanc
328 2981 553 3063 quaestionem
594 2977 844 3062 expediendam3
885 2980 948 3044 hoc
988 2981 1071 3043 enirn
1108 2979 1175 3042 nixi
1211 2977 1422 3043 fundamento

197 3081 282 3159 iure,
314 3084 457 3164 quaein
485 3085 558 3166 ipsa
586 3082 767 3147 studiorum
787 3083 1011 3147 Romanorum
1035 3081 1258 3147 adulescentia
1280 3082 1420 3146 invenie-

197 3205 281 3267 mus,
314 3185 358 3249 ad
390 3186 625 3270 Pergamenos,
658 3187 714 3268 qui
745 3186 903 3250 Romanis
937 3186 1095 3268 ,exemplo
1125 3185 1256 3250 fuerunt
1286 3184 1328 3249 ad
1353 3187 1424 3250 imi-

198 3288 342 3352 tandum‘
362 3289 547 3354 referemus.
600 3310 620 3352 a
640 3289 852 3372 Pergamenis
873 3289 974 3372 igitur
994 3288 1142 3372 profecta
1167 3293 1216 3353 est
1239 3289 1424 3354 coniunctio

199 3391 378 3456 studiorum
392 3394 679 3476 grammaticorum
693 3397 726 3456 et
741 3392 987 3473 rhetoricorum,
1011 3390 1140 3473 qualem
1155 3393 1219 3456 iam
1234 3391 1329 3475 longe
1347 3398 1423 3457 ante

198 3491 381 3562 Varronem
396 3493 520 3560 Romae
536 3494 817 3578 deprehendimus
835 3496 1027 3578 praesertim
1043 3517 1115 3560 cnm
1130 3496 1171 3560 ab
1187 3495 1420 3560 Alexandrinis

289 3763 310 3834 ¹)
331 3765 391 3818 eius
414 3765 568 3834 discipulus
590 3767 754 3820 notissimus
779 3770 840 3821 erat
862 3765 994 3838 Hyginus
1018 3767 1053 3824 ab
1077 3767 1209 3839 Augusto
1233 3765 1422 3826 bibliothecae

198 3847 344 3905 Palatinae
367 3853 546 3920 praepositus
569 3853 616 3922 (of.
641 3853 717 3906 Suet.
741 3854 776 3906 de
798 3871 916 3923 gramm.
941 3860 970 3910 et
992 3857 1202 3925 11010100.
1224 3857 1273 3910 115
1291 3855 1422 3924 ansehn

199 3935 306 4006 Hygini
325 3937 480 4008 discipulus
500 3939 537 4003 ,in
556 3939 655 3993 studiis
675 3945 759 4008 atque
778 3940 1040 4012 doctrinaveetigia
1052 3944 1166 4012 patroni
1179 3947 1298 3998 secutus‘
1317 3943 1421 3996 nobilis
1506 3995 1507 3998 ,

199 4022 248 4078 1110
266 4026 466 4094 grammaticus
484 4025 573 4080 Iulius
592 4027 736 4081 Modestus
755 4030 823 4080 erat.

285 4109 307 4180 ²)
334 4111 368 4166 01.
401 4130 428 4182 p.
457 4115 491 4166 63
522 4131 561 4182 sq.
598 4115 631 4166 67
662 4131 701 4182 sq.
736 4115 864 4182 apprime
900 4115 954 4168 huc
985 4114 1104 4184 quadrat
1130 4113 1358 4170 Reifferscheidii
1382 4113 1418 4170 de

197 4197 373 4265 Apollodoro
401 4198 537 4254 iudicium
563 4201 627 4258 1.,1.
660 4219 686 4270 p.
713 4202 742 4255 5:
784 4201 1012 4270 ,(Apollodorus)
1045 4219 1103 4254 war
1135 4203 1184 4256 das
1217 4200 1315 4270 Haupt
1344 4202 1422 4256 einer

199 4282 452 4352 Rhetorensohnle,
491 4285 536 4339 die
563 4329 569 4343 .
600 4329 605 4341 .
634 4331 639 4344 .
669 4328 674 4340 .
700 4289 749 4342 001
780 4289 834 4341 deu
869 4288 1000 4342 ferueren
1032 4288 1340 4358 Entwiclrelungsgang
1372 4289 1423 4342 der

200 4371 397 4438 griechischen
421 4370 480 4426 und
502 4374 678 4428 roemischen
696 4374 855 4428 Litteratur
877 4375 1065 4430 bestimmend
1088 4375 1240 4430 einwirlrte.
1278 4375 1325 4430 Sic
1342 4376 1422 4430 hatte

199 4457 280 4510 ihren
304 4457 363 4512 Sita
386 4457 416 4512 10
438 4459 526 4525 Rom,
554 4461 612 4513 und
635 4461 709 4516 Rom
732 4461 803 4516 wird
829 4462 961 4530 seitdem,
988 4462 1148 4532 Pergamon
1171 4463 1335 4529 abloesend‚
1358 4479 1422 4518 zum

200 4542 387 4615 Mittelpunkt
405 4547 456 4600 der
474 4547 596 4602 Studien
614 4548 664 4601 der
683 4547 913 4605 Beredsamlreit!
