3362 5216
278 513 317 571 ut
345 507 526 573 imitatione
554 507 716 596 dignos,¹)
744 510 825 576 alios
853 517 998 576 oratores
1027 508 1213 592 diligentius
1242 531 1307 575 non
1335 506 1508 590 tractarit,

280 609 368 691 quod
389 611 494 693 ipsum
519 611 711 679 documento
735 620 785 679 est
799 614 992 698 Dionysium
1015 634 1107 678 suum
1130 613 1286 678 iudicium
1307 610 1509 696 applicuisse

280 710 323 776 ad
346 735 493 778 normam
515 717 689 797 quandem,
713 718 819 800 qualis
842 717 992 784 exstabat
1010 717 1044 781 in
1060 737 1183 782 canone
1199 717 1309 782 decem
1324 721 1509 781 oratorum.

281 815 392 879 eodem
409 817 552 882 adducor
569 819 667 884 etiam
683 820 746 886 hac
759 842 804 900 re,
822 820 909 904 quod
924 821 1117 904 Dionysium
1133 819 1276 888 Caecilio
1291 816 1511 884 familiarissi-

279 939 368 983 mum
389 918 488 985 fuisse
510 921 636 987 seimus

367 1019 433 1087 Sed
466 1024 533 1088 iam
562 1024 638 1089 huic
667 1024 708 1090 de
738 1025 896 1109 Dionysio
927 1025 1141 1109 disputationi
1173 1025 1268 1090 finem
1299 1026 1512 1109 imponamus

281 1132 380 1207 atque
410 1133 519 1192 cetera
547 1127 723 1194 videamus.
768 1148 851 1194 unus
877 1134 980 1194 restat
1007 1129 1056 1194 vir
1086 1128 1215 1210 deame,
1244 1129 1295 1194 cui
1317 1129 1425 1194 Meier
1457 1125 1512 1191 de-

281 1228 394 1293 cadem
409 1231 570 1313 cognitam
583 1230 682 1296 fuisse
697 1232 908 1315 comprobare
923 1231 1057 1312 studuit,
1081 1232 1242 1316 Didymus
1259 1231 1512 1310 Chalcenterus,

282 1331 321 1396 de
350 1353 414 1413 quo
444 1333 523 1416 quid
549 1315 725 1400 sentiamus
750 1356 851 1420 supra
877 1337 1094 1420 exposuimus.
1139 1337 1261 1402 iamin
1284 1356 1321 1402 eo
1344 1340 1451 1416 esset,
1475 1337 1514 1396 ut

283 1435 326 1498 ad
353 1436 467 1501 Meieri
494 1438 598 1520 ipsam
619 1439 802 1521 opinionem
824 1439 1032 1504 refutandam
1055 1439 1297 1519 accederemus,
1325 1437 1386 1501 nisi
1416 1435 1513 1518 prius

281 1536 417 1603 Steffeni
444 1547 672 1622 argumentum
702 1563 761 1606 nos
791 1541 915 1608 diluere
943 1547 1140 1626 oporteret,
1157 1542 1213 1626 qui
1241 1561 1281 1605 ne
1313 1539 1513 1606 Ciceronem

283 1642 414 1724 quidem
437 1645 568 1709 canonis
589 1645 772 1710 meminisse
794 1645 962 1710 contendit
983 1644 1122 1728 ideoque
1138 1646 1206 1710 eius
1222 1649 1331 1710 aetate
1348 1661 1513 1706 canonem

283 1746 444 1811 exstitisse
466 1748 610 1830 negavit3
633 1770 664 1832 p.
684 1751 726 1812 47
749 1769 797 1832 sq.
820 1747 871 1813 his
885 1749 1009 1814 scilicet
1029 1749 1135 1814 verbis
1156 1754 1260 1814 totam
1283 1747 1512 1832 quaestionem

283 1848 346 1912 sibi
361 1849 535 1915 absolvisse
549 1852 637 1918 visus
652 1856 716 1916 est:
751 1850 875 1932 ,Cicero
890 1852 1031 1917 inlibris
1046 1852 1215 1918 rhetoricis
1238 1851 1510 1934 quotiescumque

284 1951 453 2017 historiam
483 1954 687 2038 eloquentiae
718 1952 851 2021 Atticae
881 1960 1014 2037 tractat,
1045 1977 1110 2021 non
1138 1955 1234 2022 modo
1261 1952 1417 2020 decadem
1442 1973 1511 2018 non

285 2063 530 2138 commemorat,
568 2058 625 2122 sed
661 2079 701 2122 ne
738 2079 802 2124 uno
838 2058 970 2142 quidem
1002 2060 1101 2126 verbo
1135 2057 1316 2125 Andocidis
1349 2062 1382 2122 et
1415 2053 1512 2121 Isaei
1620 2083 1621 2114 ;

284 2160 479 2224 mentionem
509 2159 595 2226 fecit.
640 2182 752 2226 verum
785 2162 1018 2242 „Demostheni
1025 2211 1032 2242 ,
1067 2163 1114 2227 ait
1141 2160 1255 2228 Cicero
1283 2161 1378 2226 Brut.
1398 2165 1430 2242 9,
1455 2163 1510 2238 36,

285 2261 469 2345 Hyperides
490 2264 654 2347 proximus
676 2270 710 2329 et
731 2262 911 2331 Aeschines
934 2265 997 2330 fuit
1017 2272 1050 2331 et
1071 2265 1242 2348 Lycmgus
1263 2270 1294 2329 et
1315 2262 1511 2328 Dinarchus

286 2371 319 2429 et
347 2367 375 2429 is
407 2367 498 2430 cuius
528 2369 618 2432 nulla
644 2373 776 2433 exstant
797 2368 962 2433 Demades
990 2369 1111 2452 aliique
1137 2368 1246 2452 plures
1268 2373 1329 2431 etc.
1352 2403 1395 2414 —-
1417 2367 1511 2431 Pha-

285 2467 390 2533 lereus
415 2470 538 2552 primus
565 2471 691 2536 inflexit
718 2471 929 2552 orationem“,
955 2479 1054 2555 atque
1082 2472 1193 2556 paullo
1214 2475 1290 2553 post
1318 2470 1383 2553 (82,
1408 2470 1508 2556 285):

289 2573 487 2653 „Phalereus
514 2574 569 2640 ille
590 2574 777 2640 Demetrius
800 2575 954 2640 Atticene
976 2575 1118 2641 dixerit?
1145 2580 1213 2660 qs.“
1259 2595 1299 2638 ex
1319 2573 1370 2638 his
1397 2592 1513 2638 nonne

285 2675 467 2740 luculenter
493 2684 632 2760 apparet
654 2685 782 2743 tantum
805 2676 939 2760 afuisse,
966 2684 1004 2742 ut
1026 2677 1140 2743 Oicero
1163 2678 1274 2744 decem
1296 2681 1442 2749 oratores
1467 2675 1512 2740 ab

286 2779 358 2843 aliis
380 2779 502 2844 Atticis
530 2787 698 2864 separatos
721 2801 790 2846 esse
812 2782 923 2862 sciret,
952 2786 991 2847 ut
1019 2781 1151 2864 quinam
1173 2782 1377 2865 potissimum
1400 2783 1514 2844 essent

288 2889 433 2947 oratores
456 2883 571 2965 Attici,
595 2906 653 2950 suo
676 2885 745 2969 ipse
767 2884 902 2950 arbitrio
925 2882 1094 2949 definiret?
1138 2883 1218 2968 quid
1241 2883 1328 2966 quod
1349 2884 1513 2966 plurimos

287 3007 407 3065 eorum,
431 2988 487 3068 qui
508 2993 586 3052 tunc
600 2987 634 3052 in
657 2988 841 3071 eloquentie
863 2988 1006 3054 studium
1022 2988 1238 3067 conlocarant,
1261 2986 1302 3051 ab
1318 2986 1513 3052 Atticorum
1620 2979 1621 2982 '

287 3090 468 3154 rationibus
498 3089 626 3156 dicendi
655 3090 866 3156 alienissimos
894 3089 993 3156 fuisse
1016 3090 1131 3156 Cicero
1160 3093 1301 3155 testatur
1322 3089 1378 3174 (de
1400 3111 1445 3154 or.
1473 3087 1515 3153 ΙΙ

289 3197 339 3274 23,
364 3196 419 3256 95:
444 3191 540 3258 hodie
556 3193 824 3260 Alabandensem
838 3193 1016 3258 Meneclem
1032 3200 1065 3259 et
1081 3196 1148 3258 eius
1163 3192 1296 3258 fratrem
1311 3191 1511 3270 Hieroclem,
1620 3255 1621 3274 ,

289 3298 376 3382 quod
407 3319 466 3380 ego
499 3296 622 3378 audivi,
655 3302 726 3362 tota
758 3297 906 3362 imitatur
934 3296 1064 3381 Asia)?‘
1114 3295 1237 3364 Steffen
1274 3317 1377 3378 neque
1420 3296 1512 3360 locos

289 3421 370 3482 quos
412 3400 524 3464 attulit
561 3405 648 3463 recte
684 3400 858 3483 explicavit
900 3420 1005 3482 neque
1056 3421 1165 3464 omnes
1202 3398 1245 3464 ad
1286 3399 1511 3482 quaestionem

291 3503 520 3568 conficiendam
552 3501 685 3567 idoneos
723 3523 763 3568 ex
795 3501 959 3568 Ciceronis
995 3501 1124 3585 scriptis
1158 3501 1326 3567 rhetoricis
1359 3501 1511 3583 conlegit.

292 3627 388 3689 quem
415 3607 555 3689 primum
583 3607 766 3688 proposuit,
793 3605 883 3670 locus
906 3605 969 3670 huc
991 3627 1057 3670 non
1077 3604 1233 3687 quadrat,
1262 3625 1335 3670 curn
1358 3604 1395 3684 ,is
1417 3603 1510 3668 cuius

290 3710 381 3774 nulla
404 3715 533 3773 exstant
555 3707 728 3774 Demades‘
752 3730 790 3774 ea
809 3709 882 3792 ipsa
898 3709 938 3773 de
954 3729 1052 3774 causa
1066 3709 1100 3772 in
1116 3728 1272 3773 canonem
1287 3728 1352 3773 nou
1366 3706 1511 3790 potuerit

292 3813 400 3895 recipi,
423 3811 466 3876 ad
489 3833 585 3893 quem
607 3812 691 3875 iuste
714 3810 973 3877 constituendum
997 3831 1035 3875 ex
1057 3811 1257 3876 orationibus
1270 3810 1425 3876 iudicium
1439 3807 1510 3874 fieri

293 3921 430 3999 oportet,
454 3914 642 3980 Demetrius
665 3934 740 3979 vero
755 3914 935 3979 Phalereus
959 3913 1110 3978 distinete
1131 3915 1281 3979 coeteris
1297 3914 1509 3992 discernatur,

294 4019 411 4102 quibus
440 4039 545 4099 ,sucus
571 4018 626 4082 ille
655 4023 688 4082 et
712 4017 842 4101 sanguis
872 4018 1078 4100 incorruptus
1106 4015 1177 4081 fuit‘
1205 4022 1304 4099 atque
1330 4015 1508 4098 ,naturalia

292 4143 358 4186 non
386 4121 515 4185 fucatus
542 4122 652 4202 nitor‘,
682 4142 756 4186 cum
778 4121 959 4186 Phalereus
984 4121 1116 4204 ‚primus
1138 4118 1299 4185 inflexerit
1320 4121 1509 4186 orationem‘

293 4224 347 4309 (cf.
373 4225 471 4289 etiam
494 4223 534 4288 de
557 4245 601 4288 or.
626 4223 747 4308 1195).
791 4224 907 4288 deinde
930 4223 1028 4306 ,quod
1043 4221 1198 4308 plurimos
1222 4243 1340 4306 eorum,
1364 4223 1418 4305 qui
1432 4228 1510 4288 tunc

292 4328 326 4390 in
364 4326 549 4410 eloquentia
585 4326 730 4392 studium
765 4325 986 4410 conlocarent,
1029 4325 1071 4392 ab
1107 4323 1294 4392 Atticorum
1330 4325 1509 4392 rationibus

383 4548 404 4615 1)
422 4548 494 4602 bene
511 4550 541 4603 in
558 4549 632 4602 haue
651 4547 820 4612 sententium
838 4548 927 4615 Bless,
946 4548 996 4603 GB
1016 4549 1066 4600 184
1084 4564 1125 4616 sq.
1144 4547 1309 4614 disputavit.
