3362 5216
756 743 921 856 Vita

320 1033 440 1143 Natus
463 1096 534 1138 sum
557 1074 691 1138 Iulius
713 1069 890 1138 Brzoska
913 1091 942 1135 a.
967 1069 997 1135 d.
1021 1071 1080 1136 III
1102 1069 1181 1136 Kal.
1204 1071 1302 1138 Febr.
1327 1093 1357 1136 a.
1379 1071 1411 1138 h.
1435 1092 1459 1136 s.

235 1197 325 1262 LIX
347 1197 380 1260 in
404 1193 523 1278 oppido
546 1193 643 1278 Ujest
666 1192 801 1260 Silesiae
823 1190 998 1276 superioris
1022 1191 1161 1276 Iosepho
1184 1191 1332 1258 Brzoska
1353 1190 1462 1257 Maria

235 1317 348 1382 Klitta
378 1313 584 1399 parentibus,
618 1333 699 1396 qnos
730 1311 847 1378 acerbo
877 1311 946 1376 fato
973 1310 1052 1376 mihi
1079 1315 1208 1396 ereptos
1234 1311 1328 1376 valde
1354 1310 1460 1395 lugeo.

235 1435 311 1502 fidei
348 1434 500 1500 addictus
534 1455 605 1498 sum
638 1432 828 1498 catholicae.
883 1430 1069 1497 litterarum
1101 1430 1287 1516 primordiis
1319 1431 1353 1496 in
1383 1429 1461 1496 ludo
1527 1489 1529 1494 .

235 1555 364 1640 publico
379 1554 470 1620 urbis
484 1555 610 1636 patriae
624 1554 794 1618 institutus
809 1571 838 1616 a.
851 1550 979 1616 LXIX
995 1551 1198 1634 gymnasium
1212 1549 1462 1634 Magno-Strab-

235 1675 380 1740 litziense
403 1673 484 1754 adii,
514 1672 602 1755 quod
624 1673 674 1736 vir
695 1672 750 1737 inl.
774 1669 934 1735 Albertus
956 1669 1083 1736 Proshe
1105 1676 1175 1736 tum
1197 1669 1341 1752 regebat.
1386 1668 1461 1736 inde

236 1794 277 1859 ab
302 1815 331 1858 a.
347 1793 514 1859 LXXIII
535 1793 739 1876 gymnasium
755 1788 1014 1858 Vratislaviense
1036 1790 1080 1855 ad
1103 1791 1218 1856 aedem
1233 1790 1281 1858 st.
1298 1789 1461 1874 Matthiae

235 1914 333 1978 situm
354 1912 570 1996 frequentavi,
594 1910 681 1994 quod
696 1910 888 1976 Reisackeri
905 1911 1126 1994 praeceptoris
1143 1910 1344 1976 dilectissimi
1359 1932 1463 1996 nuper

236 2031 380 2098 defuncti
409 2031 541 2116 optimis
570 2031 723 2115 auspiciis
750 2029 898 2096 florebat.
948 2050 1022 2096 cum
1050 2030 1250 2095 maturitatis
1277 2030 1462 2095 testimonio

236 2171 265 2215 a.
304 2149 466 2220 LXXVI
503 2150 654 2216 dimissus
691 2150 777 2215 hano
815 2149 935 2216 almam
968 2150 1049 2233 petii
1085 2155 1225 2216 matrem
1258 2149 1461 2230 Viadrinam,

236 2270 326 2336 cuius
353 2270 438 2336 inter
466 2271 551 2336 cives
579 2291 599 2334 a
628 2269 697 2334 viro
725 2269 781 2334 inl.
808 2270 953 2336 Martino
985 2270 1104 2350 Hertz,
1135 2290 1235 2354 penes
1267 2291 1365 2353 quem
1392 2275 1463 2334 tum

234 2391 338 2456 fasces
371 2397 478 2470 erant,
523 2395 673 2473 receptus
722 2389 857 2454 adsidue
893 2388 1010 2455 studiis
1047 2390 1220 2474 praecipue
1257 2389 1463 2474 philologieis

236 2531 368 2594 operam
395 2509 483 2589 dedi3
512 2509 575 2573 nisi
606 2508 695 2593 quod
724 2509 811 2574 hunc
839 2509 989 2574 ultimum
1017 2529 1137 2574 annum
1166 2530 1271 2592 paene
1298 2514 1403 2574 totum
1429 2509 1462 2573 in

235 2650 368 2696 munere
382 2629 601 2714 praeceptoris
617 2628 787 2694 domestici
802 2629 994 2712 consumpsi.
1039 2628 1156 2694 scholis
1171 2629 1304 2694 interlui
1319 2631 1462 2694 virorum

234 2749 486 2816 clarissimorum
508 2749 643 2834 Dilthey
660 2747 809 2816 Groebcr
834 2749 937 2815 Hertz
952 2749 978 2814 J
978 2747 1145 2814 unkmann
1165 2747 1289 2814 Kaibel
1304 2748 1462 2815 Ludwich

235 2867 410 2934 Neumann
431 2870 574 2937 Partsch
595 2867 831 2937 Reifferscheid
852 2869 1025 2935 Rossbach
1048 2867 1195 2936 Stenzler
1209 2868 1334 2936 Weber
1348 2867 1462 2936 Wein·

234 2988 323 3054 hold.
376 2989 504 3056 Hortzii
533 2989 792 3056 Reifferscheidii
820 2989 1017 3057 Rossbachii
1049 2989 1276 3055 benevolentia
1304 2989 1339 3054 in
1369 2988 1462 3056 semi·

235 3109 361 3174 narium
390 3111 515 3192 regium
543 3109 774 3194 philologioum
801 3115 950 3193 receptus
979 3129 1066 3189 sum,
1096 3108 1187 3173 cuius
1215 3109 1346 3193 perbis
1369 3129 1461 3174 senos

206 3261 209 3268 v
236 3249 361 3294 menses
389 3229 510 3296 sodalis
538 3229 586 3294 fui
616 3234 649 3294 et
677 3227 956 3294 extraordinarius
988 3233 1020 3294 et
1050 3227 1249 3308 ordinarius,
1281 3249 1462 3312 perunum

237 3352 391 3413 semestre
413 3348 578 3414 seminarii
599 3349 754 3414 ordinarii
770 3349 886 3414 senior.
932 3347 1214 3414 exercitationibus
1229 3349 1295 3413 suis
1310 3354 1348 3413 ut
1362 3349 1461 3413 inter-

237 3487 340 3531 essem
362 3467 501 3550 benigne
532 3474 759 3534 concesserunt
782 3466 1034 3550 archaeologicis
1055 3467 1237 3548 Rossbach,
1259 3466 1462 3551 philosophis

237 3584 370 3666 Weber,
394 3587 773 3672 philologicisLudwich
789 3593 822 3653 et
840 3586 973 3652 Kaibel.
1018 3607 1101 3671 quos
1125 3586 1210 3652 viros
1234 3607 1344 3652 omnes
1366 3593 1461 3671 grate

238 3724 365 3789 semper
392 3708 497 3773 colam
523 3708 692 3788 memoria,
721 3709 755 3772 in
784 3707 897 3792 primis
924 3727 1000 3774 voro
1027 3707 1257 3791 Augustum
1282 3707 1459 3772 Reiffer-

237 3825 392 3910 scheid,
416 3826 467 3893 cui
489 3828 614 3912 gratias
637 3848 675 3892 eo
698 3827 814 3910 dignas
836 3847 934 3910 agere
955 3847 1007 3893 me
1028 3847 1124 3911 posse
1145 3825 1292 3910 despero.
