3362 5216
487 735 685 815 Caecilium
712 734 924 816 fronduisse
951 735 1100 817 canonis
1125 751 1319 818 auctorem.

374 937 430 1002 Ab
458 937 690 1002 Alexandrinis
719 946 886 1004 oratorum
917 961 1074 1005 canonem
1102 962 1167 1006 non
1196 961 1266 1004 esse
1297 942 1514 1006 const'tutum

289 1041 369 1105 satis
399 1040 522 1106 idoneis
556 1044 756 1124 argumentis
793 1043 872 1106 mihi
904 1042 1014 1107 videor
1045 1042 1287 1125 comprobasse3
1322 1043 1408 1107 idem
1447 1044 1517 1106 iam

289 1149 387 1207 antea
408 1143 503 1208 multi
524 1151 600 1208 sunt
620 1145 804 1227 periclitati,
828 1146 883 1228 qui
905 1153 1014 1210 tamen
1037 1151 1094 1209 aut
1115 1146 1195 1210 satis
1210 1146 1377 1211 habebant
1398 1153 1513 1210 vetera

287 1244 503 1310 labefactasse
526 1253 583 1310 aut
604 1267 687 1311 nova
709 1247 929 1328 exstruebant,
953 1269 1037 1331 quae
1059 1251 1091 1311 et
1112 1247 1184 1331 ipsa
1199 1249 1324 1312 ruitura
1345 1249 1508 1313 videntur.

289 1370 365 1413 nam
397 1347 511 1412 Meieri
544 1348 689 1433 (Andoo.
723 1347 773 1414 IV
806 1379 849 1404 =
877 1347 996 1432 Opuse.
1028 1350 1047 1413 I
1076 1353 1136 1413 120
1173 1353 1278 1433 sqq.),
1310 1373 1513 1435 quamquam

287 1451 322 1515 in
343 1450 458 1515 ceteris
473 1451 523 1515 vir
541 1450 596 1516 ille
610 1451 728 1516 iudicio
744 1453 847 1516 utitur
866 1451 1051 1516 cautissimo
1067 1459 1099 1516 et
1115 1452 1283 1533 acerrimo,
1299 1453 1362 1518 hac
1378 1453 1512 1536 quidem

288 1553 322 1616 in
350 1552 569 1636 disputatione
606 1560 799 1638 argumenta
833 1553 876 1618 ad
910 1553 1174 1636 persuadendum
1207 1576 1271 1620 non
1304 1555 1398 1619 valde
1433 1563 1513 1620 sunt

287 1656 540 1720 accommodata.
586 1657 673 1739 quod
696 1655 807 1720 decem
829 1663 995 1721 oratorum
1018 1678 1131 1721 census
1146 1679 1211 1722 non
1229 1664 1305 1722 ante
1321 1656 1511 1739 Caecilium,

288 1759 367 1842 quin
393 1759 491 1823 etiam
524 1779 564 1823 ne
586 1757 719 1824 Caecilii
748 1757 895 1841 quidem,
928 1760 983 1842 qui
1013 1761 1136 1842 primus
1169 1782 1244 1825 eum
1270 1766 1513 1840 commemoret,

288 1861 489 1944 temporibus
514 1860 688 1926 admodum
716 1861 954 1944 percrebruerit
979 1883 1054 1942 usu,
1083 1863 1157 1927 ideo
1186 1885 1205 1927 a
1237 1862 1380 1928 Caecilio
1407 1863 1513 1944 primo

289 1983 361 2027 eum
384 1962 563 2027 arbitratur
576 1963 743 2028 inventum
756 1984 835 2028 esse.
865 1970 956 2048 patet
978 1964 1040 2044 via,
1063 1985 1129 2048 qua
1143 1964 1355 2048 procedamus
1371 1969 1510 2047 oportet,

288 2071 325 2128 ut
352 2063 466 2129 Meieri
493 2066 676 2148 opinionem
704 2065 904 2145 refellamus;
936 2067 1044 2149 priore
1073 2067 1158 2130 enim
1192 2066 1263 2131 loco
1293 2066 1508 2132 examinanda

288 2169 364 2230 sunt
386 2187 425 2231 ea
447 2168 648 2248 testimonia,
677 2167 794 2250 quibus
822 2190 978 2233 canonem
1005 2175 1080 2234 ante
1108 2168 1287 2235 Caecilium
1315 2189 1380 2232 non
1409 2168 1509 2232 fuisse

287 2275 401 2334 notum
423 2269 645 2334 demonstrare
668 2271 787 2352 studet,
811 2271 915 2335 altero
938 2272 978 2337 de
995 2271 1135 2337 Caecilio
1159 2271 1289 2335 canonis
1312 2275 1442 2334 auctore
1458 2275 1509 2333 est

287 2371 456 2455 agendum.
501 2377 599 2454 atque
621 2373 761 2454 primum
783 2373 886 2438 Meier
907 2373 1043 2456 protulit
1065 2373 1216 2439 Panaetii
1226 2374 1250 2458 ¹)
1279 2372 1508 2450 testimonium,

287 2473 343 2557 qui
364 2479 448 2539 teste
471 2474 650 2538 Plutarcho
673 2475 842 2539 Demosth.
870 2479 907 2538 13
931 2475 1011 2539 haee
1031 2475 1185 2539 iudicavit
1209 2474 1249 2539 de
1272 2473 1511 2538 Demosthene:

288 2569 321 2640 εἴ
345 2598 378 2660 γε
400 2579 440 2662 τῇ
464 2573 539 2660 περὶ
561 2572 620 2652 τὰς
643 2570 821 2652 ὑποθέσεις
843 2570 942 2640 αὐτοῦ
969 2571 1140 2663 φιλοτιμίᾳ
1173 2573 1229 2640 καί
1251 2578 1291 2662 τῇ
1316 2577 1381 2638 τῶν
1403 2572 1508 2659 λόγων

286 2673 425 2766 εὐγενείᾳ
453 2679 559 2766 παρῆν
581 2671 709 2763 ἀνδρεία
734 2702 770 2742 τε
793 2673 1040 2766 πολεμιστήριος
1068 2675 1182 2742 καὶτὸ
1206 2681 1361 2764 καθαρῶς
1390 2673 1512 2743 ἕκαστα

287 2778 458 2867 πράττειν,
496 2774 554 2844 οὐκ
584 2777 618 2845 ἐν
656 2783 703 2866 τῷ
745 2779 831 2844 κατὰ
875 2778 1064 2865 Μοιροκλέα
1110 2777 1166 2844 καί
1209 2779 1413 2845 Πολύευκτον
1455 2778 1513 2844 καὶ

285 2879 476 2969 Ὑπερείδην
508 2877 638 2969 ἀριθμῷ
670 2885 735 2947 τῶν
767 2880 915 2970 ῥητόρων,
950 2878 1018 2948 ἀλλ’
1053 2877 1118 2946 dvm
1150 2878 1233 2963 μετὰ
1265 2878 1422 2966 Κίμωνος
1456 2881 1512 2947 καί

293 2982 490 3052 Θουκυδίδου
528 2983 584 3049 καὶ
627 2983 821 3070 Περικλέους
863 2979 953 3065 ίίξιος
994 2975 1030 3072 ἦν
1074 2980 1242 3049 τίθεσθαι.
1307 2985 1390 3050 mira
1433 3006 1510 3050 sane

289 3095 339 3154 est
374 3088 455 3152 haec
491 3089 673 3152 coniunctio
711 3087 940 3152 Demosthenis
978 3109 1050 3152 cum
1086 3086 1191 3150 tribus
1230 3086 1294 3149 illis
1331 3087 1408 3150 viris
1415 3135 1423 3166 ,
1466 3087 1510 3166 ,in

288 3211 353 3273 qua
387 3190 467 3254 nihil
495 3190 562 3253 fere
592 3196 655 3269 est,
691 3190 779 3273 quod
810 3189 852 3255 ad
886 3189 1139 3254 Demosthenem
1172 3189 1306 3272 propius
1338 3189 1510 3272 pertineat,

288 3293 351 3356 nisi
390 3299 422 3356 et
460 3293 614 3375 temporis
649 3299 681 3356 et
715 3292 875 3356 sentiendi
908 3290 1070 3373 quaedam
1103 3291 1293 3355 eommunio‘
1334 3290 1387 3376 (cf.
1422 3290 1510 3355 Plut.

288 3395 309 3459 l.
344 3415 371 3458 o.
405 3396 471 3480 23).
538 3400 636 3478 atque
673 3394 744 3457 iure
785 3394 927 3476 quodam
963 3393 1066 3458 Meier
1102 3393 1269 3457 contendit
1305 3393 1511 3472 Panaetium,

289 3497 315 3561 si
344 3497 372 3560 ei
402 3495 597 3560 innotuisset
625 3496 720 3560 decas
747 3496 804 3560 illa
833 3503 1016 3576 oratorum,
1044 3496 1241 3578 scripturum
1263 3496 1371 3577 potius
1393 3495 1509 3559 fuisse:

288 3598 550 3679 ,Demosthenem
586 3598 612 3662 si
645 3611 776 3681 praeter
809 3599 947 3662 oratoris
977 3599 1114 3662 virtutes
1142 3597 1240 3660 etiam
1266 3597 1339 3661 illas
1366 3595 1511 3681 reliquas

287 3701 471 3781 habuisset,
506 3720 570 3763 non
605 3701 639 3763 in
676 3700 830 3765 decadem
863 3699 978 3765 fuisset
1011 3693 1226 3764 referendusf'
1265 3720 1369 3783 neque
1403 3705 1510 3764 tamen

288 3802 468 3868 necessario
491 3802 636 3884 cogimur
664 3802 696 3865 in
727 3802 842 3867 Meieri
872 3802 961 3866 abire
991 3802 1290 3880 ratiocinationem,
1314 3822 1420 3884 neque
1441 3802 1510 3884 ipse

287 3905 363 3972 huic
390 3911 581 3989 argumento
612 3905 745 3969 nimium
775 3905 904 3985 tribuit,
939 3905 1026 3986 quod
1056 3905 1083 3968 si
1113 3904 1261 3968 omnibus
1294 3924 1333 3967 ex
1362 3903 1510 3987 partibus

287 4014 372 4074 esset
400 4005 602 4087 absolutum,
630 4013 717 4072 certe
747 4007 898 4071 Panaetii
924 4012 1085 4090 tempore,
1116 4027 1189 4072 cum
1213 4003 1289 4092 περὶ
1311 4003 1510 4092 καθήκοντος

286 4110 397 4189 libros,
414 4110 500 4175 unde
516 4109 615 4176 verba
629 4109 780 4173 videntur
795 4129 866 4173 esse
881 4109 1044 4192 decerpta,
1060 4109 1199 4192 scripsit,
1216 4108 1278 4173 hoo
1295 4114 1344 4173 est
1359 4129 1385 4172 c.
1402 4129 1431 4172 a.
1451 4111 1509 4172 142

289 4285 491 4292 -——-.-—--

375 4399 394 4467 ¹)
418 4400 477 4451 eius
499 4401 623 4451 aetatem
644 4398 720 4451 inter
742 4415 829 4451 annos
855 4401 903 4452 180
927 4402 955 4452 et
980 4399 1027 4451 lll
1053 4400 1128 4468 (1003
1152 4398 1181 4452 Ο.
1206 4397 1334 4463 Mueller,
1360 4396 1440 4450 PHG
1464 4394 1510 4450 111

286 4487 350 4554 245)
368 4485 462 4538 solent
480 4484 621 4537 cohibere.
