3362 5216
881 267 921 330 14

795 357 998 366 a---—..—--

280 472 396 552 iacuit,
428 469 485 536 ubi
513 471 612 536 libere
643 471 799 555 loquendi
829 473 919 537 locus
951 479 984 536 et
1016 471 1156 537 facultas
1189 494 1254 536 non
1287 465 1506 558 adfuerunt.¹)

281 577 428 640 rhetores
451 581 569 655 autem,
594 597 732 658 quorum
756 597 855 657 opera
878 583 910 640 et
933 576 1067 640 consilio
1083 575 1190 639 Attici
1213 581 1361 640 oratores
1378 576 1509 640 dicendi

281 677 479 761 exemplaria
502 679 783 757 constituerentur,
808 678 942 742 deerant
965 677 1227 764 Alexandriae.²)
1273 685 1404 744 exstant
1420 679 1506 742 enim

280 782 360 844 satis
393 786 482 845 certa
510 781 708 859 testimonia,
742 781 859 862 quibus
892 780 1123 863 comprobatur
1159 781 1247 863 quod
1282 781 1438 845 indicavit
1471 783 1507 844 iu

282 884 427 946 oratione
451 904 475 946 e.
499 881 519 944 l.
542 880 586 946 A.
604 881 853 950 Reifferscheid:
886 885 927 958 ‚in
951 882 1137 965 Pergamon
1167 885 1225 947 wie
1256 885 1289 946 in
1312 883 1507 948 Kleinasien

280 985 484 1067 ueherhaupt
517 985 654 1048 standeu
681 986 732 1049 die
762 986 899 1052 Studien
926 987 984 1050 der
1011 984 1173 1050 Rhetorik
1202 987 1236 1049 in
1267 986 1387 1050 hohem
1415 986 1505 1066 Flor,

281 1086 344 1152 die
368 1089 405 1152 in
428 1086 700 1152 Alexandrian
727 1088 839 1152 kaurn
862 1088 1060 1153 beaehtet
1082 1087 1265 1152 wurden.‘
1310 1089 1504 1154 Athenaeus

281 1190 333 1259 IV
355 1211 387 1272 p.
415 1194 474 1254 184
484 1191 513 1228 '³⁰
537 1188 669 1272 quidem
691 1189 916 1254 Ptolomaeum
944 1190 1046 1254 tradit
1069 1190 1273 1273 Physconem
1295 1190 1504 1276 (me-118)

280 1293 416 1357 saevitia
440 1293 473 1354 in
501 1293 586 1356 viros
617 1291 728 1356 doctos
755 1292 904 1357 inflatum
932 1295 1069 1379 ποιῆσαι
1101 1290 1232 1379 πλήρεις
1253 1291 1313 1370 τάς
1335 1317 1370 1358 τε
1392 1291 1506 1381 νήσους

280 1393 337 1458 καὶ
366 1389 479 1470 στόλοις
511 1387 634 1478 ἀνδρῶν
660 1401 888 1479 γραμματικῶν
914 1392 1106 1482 φιλοσόφων
1133 1403 1317 1481 γεωμετρῶν
1343 1399 1507 1478 μουσικῶν

281 1495 457 1583 ζωγράφων
505 1496 726 1582 παιδοτριβῶν
776 1520 811 1561 τε
863 1497 918 1562 καί
961 1492 1080 1580 ἰατρῶν
1122 1496 1178 1562 καὶ
1224 1492 1329 1563 ἶίλλων
1374 1499 1507 1564 πολλῶν

280 1602 440 1680 τεχνιτῶν,
480 1601 513 1663 in
554 1621 619 1682 quo
658 1599 771 1664 ordine
812 1598 929 1664 desunt
968 1600 1130 1680 rhetores,
1164 1602 1218 1683 qui
1247 1602 1274 1664 si
1310 1603 1416 1667 verbis
1448 1601 1506 1666 καὶ

281 1697 386 1775 litter
418 1702 550 1766 πολλῶν
581 1704 731 1792 τεχνιτῶν
762 1702 983 1781 continentur,
1017 1702 1090 1766 vide
1126 1725 1223 1786 quam
1260 1705 1411 1787 exiguam
1448 1705 1505 1768 ha·

280 1804 412 1868 buerint
454 1805 693 1870 auctoritatem.
759 1804 905 1886 apprime
942 1805 984 1869 ad
1023 1805 1110 1870 hunc
1153 1807 1259 1871 locum
1295 1807 1375 1871 facit
1415 1807 1505 1872 loeus

281 1907 454 1972 Menandri
481 1932 520 1971 π.
548 1903 706 1970 ἐπιδεικτ.
735 1907 794 1970 III
823 1909 887 1969 360
918 1905 985 1988 Sp,
1016 1907 1072 1972 ubi
1104 1909 1184 1974 haec
1216 1909 1383 1991 leguntur:
1422 1909 1504 1995 φασί

280 2009 355 2095 γὰρ,
373 2005 613 2096 Μυτιληναίους
645 2006 704 2072 ἐπὶ
737 2005 921 2096 κιθαρῳδίᾳ
953 2007 1103 2093 μέγιστον
1136 2015 1306 2099 φρονῆσαι,
1345 2007 1506 2096 Θηβαίους

282 2111 318 2176 dd
346 2110 404 2176 ἐπὶ
433 2108 603 2199 αὐλητικῇ,
632 2107 772 2198 Δηλίους
798 2108 857 2176 ἐπὶ
879 2117 1105 2199 χοροστατικῇ,
1140 2109 1189 2178 ἔτι
1218 2111 1253 2177 δὲ
1276 2113 1331 2179 καί
1354 2118 1409 2177 νῦν
1430 2112 1507 2191 τοὺς

281 2211 505 2301 Ἀλεξανδρέας
537 2212 596 2279 ἐπὶ
627 2217 840 2300 γραμματικῇ,
874 2212 1048 2302 γεωμετρίᾳ
1079 2215 1135 2280 καὶ
1161 2213 1355 2304 φιλοσοφίαι
1392 2218 1504 2283 eadem

281 2320 346 2384 tria
381 2339 502 2401 genera
539 2317 771 2381 animadvertis
808 2317 896 2399 apud
929 2324 1104 2401 utrumque
1138 2320 1243 2401 primo
1279 2320 1349 2384 loco
1385 2321 1502 2400 redire,

281 2421 446 2486 rhetorum
476 2421 599 2485 nullam
627 2419 697 2484 fieri
718 2420 887 2483 rationem.
933 2422 1011 2504 quin
1034 2422 1134 2486 etiam
1156 2443 1228 2487 cum
1251 2443 1277 2486 c.
1305 2427 1363 2486 150
1387 2444 1415 2486 a.
1442 2420 1501 2486 Oh.

282 2525 362 2588 artis
385 2524 568 2588 rhetoricae
590 2522 733 2588 studium
749 2529 980 2604 renasceretur,
1005 2524 1242 2594 Alexandriam
1257 2525 1359 2588 multo
1375 2524 1504 2588 demmn

281 2633 356 2709 post
377 2626 538 2708 migravit.
583 2647 622 2690 ex
644 2625 684 2689 iis
708 2624 801 2704 enim,
826 2627 882 2707 qui
904 2647 933 2689 a.
952 2630 1012 2690 150
1034 2625 1198 2690 subsecuti
1220 2633 1305 2708 sunt,
1329 2628 1409 2692 alios
1430 2648 1503 2709 pro-

281 2729 365 2794 ferre
406 2728 512 2793 nullos
556 2748 727 2811 possumus
770 2727 832 2790 uisi
869 2728 995 2792 Areum
1032 2729 1294 2794 Alexandrinum
1332 2728 1503 2794 Strabonis

282 2831 453 2914 aequalem
477 2837 509 2894 et
525 2830 737 2912 Timageuem
758 2829 892 2894 Caecilii
914 2832 1015 2895 aetati
1031 2852 1215 2914 supparem,
1238 2853 1376 2914 quorum
1391 2837 1505 2895 neuter

282 2934 326 3000 ad
347 2934 457 2998 studia
479 2933 641 2998 rhetorica
662 2932 881 3015 promovenda
903 2933 1066 3017 altiusque
1086 2935 1264 2999 excolenda
1278 2935 1416 2999 multum
1431 2955 1504 3018 pro-

281 3037 359 3102 fecit
386 3042 594 3117 nostramque
622 3036 665 3100 ad
687 3037 909 3118 quaestionem
932 3036 1029 3100 ullius
1053 3043 1101 3100 est
1124 3039 1286 3117 momenti,
1311 3038 1504 3119 Timagenes

281 3140 385 3204 multo
422 3139 577 3204 maiorem
613 3136 675 3201 sibi
711 3137 841 3202 laudem
871 3140 1070 3221 comparavit
1102 3146 1139 3205 ut
1169 3140 1342 3204 historicus
1376 3139 1503 3226 (Quint.

282 3242 319 3306 X
337 3246 364 3322 l,
383 3242 447 3327 75).
492 3241 637 3304 rhetores
658 3239 757 3304 etiam
772 3240 932 3304 inferioris
949 3243 1065 3306 aetatis
1075 3241 1101 3327 ⁸)
1125 3243 1343 3307 Alexandrini
1359 3243 1502 3325 vestigiis

284 3432 486 3441 m

371 3547 392 3616 ¹)
410 3551 488 3600 recte
506 3545 601 3611 Blass,
629 3545 679 3598 ΘΒ
703 3549 749 3600 23:
786 3561 831 3610 ,an
859 3545 914 3598 den
939 3545 1139 3614 despotischen
1165 3546 1277 3600 Hoefen
1304 3565 1359 3600 von
1382 3549 1504 3601 Alexan-

283 3632 364 3686 drien
392 3633 450 3686 und
472 3632 644 3686 Antiochien
673 3648 730 3685 war
759 3630 806 3682 fiir
830 3630 875 3682 die
903 3631 1116 3684 Beredsamkeit
1145 3650 1190 3685 am
1215 3635 1370 3704 wenigsteu
1396 3634 1504 3687 Reum!

283 3719 317 3772 of.
335 3718 509 3788 Bernhardy,
528 3719 606 3773 GLG
624 3718 639 3771 I
657 3716 733 3771 541³.

371 3804 393 3875 ς)
411 3805 564 3858 Posidonio
582 3803 779 3858 Alexandrino
798 3801 920 3855 Zenonis
939 3803 1075 3871 discipulo
1094 3803 1191 3858 Stoico
1210 3804 1351 3858 rhetorica
1369 3806 1506 3874 quaedam

282 3891 463 3944 ascribuntur
483 3892 596 3960 scripta,
616 3907 686 3958 quae
706 3888 855 3942 abeodem
869 3889 956 3941 Suida
974 3906 994 3942 s.
1013 3908 1039 3943 v.
1058 3890 1093 3942 ad
1105 3890 1290 3944 Posidonium
1303 3891 1506 3959 Olbiopolitam

282 3977 343 4032 iure
372 3977 541 4032 referuntur.
595 3976 837 4045 Agatharchidem
866 3976 1082 4044 grammaticum
1110 3982 1139 4030 et
1169 3977 1313 4030 rhetorem
1345 3978 1506 4032 Ouidium

282 4063 385 4118 iniuria
404 4063 484 4129 Gros,
503 4063 614 4118 Philod.
632 4063 720 4117 rhett.
739 4064 782 4117 ed.
801 4081 829 4132 p.
848 4061 961 4118 XCVII
979 4063 1123 4116 rhetorem
1141 4064 1366 4117 Alexandrinum
1386 4064 1471 4118 ducit.

371 4149 392 4219 8)
412 4167 446 4203 ex
480 4166 577 4202 eorum
611 4167 726 4203 numero
760 4149 811 4202 hos
845 4151 932 4220 eligo:
970 4150 1100 4203 Theones
1133 4149 1390 4218 Harpocrationem
1425 4149 1507 4203 Sara·

283 4235 396 4304 pionem
419 4236 574 4304 Sopatrum
598 4237 814 4290 Aristaenetum
831 4236 874 4304 (1),
900 4236 935 4289 de
960 4236 1059 4304 quibus
1084 4236 1215 4289 omnibus
1240 4237 1323 4290 adeas
1345 4236 1461 4290 Suidam
1485 4253 1506 4289 s.

283 4341 336 4388 vu,
354 4326 501 4392 praeterea
518 4323 695 4378 Demetrium
714 4322 886 4390 (Westerm,
906 4323 939 4376 G.
957 4323 982 4375 d.
997 4322 1028 4374 B.
1047 4321 1142 4388 1218,
1163 4321 1215 4376 Gu.
1229 4324 1264 4377 A.
1278 4323 1452 4386 Scheurleer,
1471 4321 1507 4374 de

284 4409 431 4462 Demetrio
459 4408 605 4479 Magnete,
629 4409 722 4478 bugd.
746 4408 846 4462 Batav.
873 4411 940 4464 1858
961 4427 989 4478 p.
1013 4409 1055 4461 55.
1078 4411 1111 4462 57
1137 4425 1191 4476 sq.;
1217 4408 1249 4463 Ε.
1268 4409 1372 4475 Maass,
1398 4409 1433 4461 de
1450 4407 1508 4460 bio·

283 4496 398 4568 graphia
432 4495 549 4550 Graecis
584 4495 761 4566 quaestiones
799 4495 919 4552 selectae
953 4494 1220 4565 [Kiessl.-Wilam.,
1254 4496 1355 4550 Philol.
1391 4496 1507 4551 Unters.
