3362 5216
686 247 884 343 ...n-

168 451 235 517 soli
257 450 363 517 Attici
390 469 494 532 usque
526 449 568 514 ad
596 449 800 516 Dinarchum
828 449 981 516 florentes
1008 451 1042 514 in
1072 470 1228 516 canonem
1251 451 1315 515 sint
1345 471 1394 515 re-

169 557 276 639 cepti,
299 552 386 619 haud
407 553 518 636 inepte
539 554 716 635 quaesierit
738 553 915 636 quispiam,
938 551 1017 635 quid
1038 552 1119 618 haec
1141 554 1287 636 exempla
1308 554 1395 636 apud

169 657 318 723 Asianos
348 666 381 723 et
402 656 549 722 Rhodios
571 657 682 740 primis
710 657 841 740 quidem
869 655 1075 739 eloquentiae
1102 657 1303 739 temporibus
1333 656 1395 720 sihi

95 799 97 804 ·
169 761 345 827 voluerint.
391 761 510 826 etenim
532 780 616 842 quae
638 782 678 824 ex
692 760 809 825 Piraeo
831 759 865 824 in
886 758 1008 824 insulas
1030 765 1063 823 et
1082 757 1199 823 Asiam
1220 765 1331 823 evecta
1347 764 1396 822 est

170 863 370 947 eloquentia,
387 863 537 943 extemis
560 870 597 927 ut
610 861 697 928 idem
719 863 765 927 ait
780 860 904 943 Cicero,
922 883 957 926 se
972 861 1084 926 oblivit
1098 861 1241 927 moribus
1255 882 1395 927 omnem·

171 987 238 1051 que
267 967 356 1032 illam
378 966 604 1032 salubritatem
627 966 760 1033 Atticae
782 965 933 1030 dictionis
955 970 988 1030 et
1007 965 1102 1047 quasi
1130 966 1303 1029 sanitatem
1324 985 1396 1048 per·
1453 997 1458 1010 ·

170 1069 259 1136 didit
279 1090 319 1136 ac
338 1090 442 1153 paene
456 1068 546 1152 loqui
565 1068 720 1135 dedidicit
732 1068 786 1154 (cl.
810 1067 907 1134 Dion.
930 1067 976 1132 H.
999 1066 1039 1132 de
1061 1073 1142 1132 orat.
1164 1073 1231 1132 ant.
1253 1087 1394 1150 prooem.

171 1194 207 1256 p.
238 1173 446 1259 445-452).
509 1173 682 1238 Aeschinis
717 1172 863 1255 exemplo
899 1172 1051 1236 commoti
1088 1177 1233 1236 oratores
1278 1171 1396 1235 Asiani

171 1277 314 1359 ,ingenio
336 1275 443 1360 potius
466 1281 499 1340 et
520 1277 552 1340 vi
574 1283 710 1342 naturae
733 1296 831 1359 quam
852 1274 1055 1339 institutione
1078 1281 1111 1339 et
1133 1274 1251 1338 litteris
1274 1272 1395 1338 famam

173 1377 339 1461 consequi‘
362 1399 396 1444 se
418 1399 513 1462 posse
534 1379 698 1462 putabant
722 1377 861 1461 ideoque
883 1378 917 1442 in
939 1377 1124 1459 eloquentia
1146 1381 1396 1460 extemporanea

173 1482 388 1546 cummaxime
403 1503 473 1548 sese
488 1483 691 1548 exercebant.
730 1483 786 1565 qui
808 1483 835 1545 si
851 1482 990 1562 omnino,
1008 1501 1104 1563 quem
1118 1478 1267 1544 Atticum
1289 1479 1395 1544 imita-

173 1588 305 1664 rentur,
329 1585 544 1667 quaerebant,
567 1591 695 1650 tantum
717 1586 847 1668 aberat,
870 1590 907 1649 ut
928 1583 972 1648 ad
994 1589 1105 1648 vetera
1127 1582 1187 1647 illa
1209 1581 1396 1648 Atticorum

175 1685 325 1770 exempla
346 1687 504 1770 redirent,
526 1694 564 1753 ut
586 1694 740 1772 corrupta
767 1689 832 1752 iam
854 1707 894 1752 ac
916 1687 1093 1773 depravata
1115 1685 1158 1750 ad
1180 1685 1394 1750 imitationem

174 1789 238 1853 sibi
265 1796 430 1856 sumerent
456 1792 560 1876 digni,
588 1812 668 1876 quos
698 1791 859 1857 communi
885 1810 961 1855 voce
984 1787 1175 1876 κακοζήλους
1189 1787 1216 1873 ¹)
1239 1788 1394 1872 appelles.

176 1891 233 1957 sed
253 1892 309 1957 alii
332 1893 397 1958 alia
418 1895 565 1978 exempla
587 1893 741 1978 effingere
755 1894 940 1961 studebant.
977 1892 1064 1975 quod
1079 1892 1213 1975 Lysiam
1228 1891 1395 1957 Charisius

179 1994 377 2078 imitabatur,
405 1996 478 2061 ideo
507 1997 628 2080 Lysiae
656 1998 802 2062 imitator
831 2005 864 2062 et
890 1999 959 2080 ipse
982 1994 1112 2060 volebat
1134 2017 1202 2060 esse
1233 1994 1394 2078 Hegesias

179 2093 317 2161 Charisii
340 2096 525 2182 discipulus,
549 2102 604 2182 qui
627 2121 823 2183 quamquam
846 2097 1047 2186 παρέφθειρε
1068 2095 1105 2163 τὸ
1124 2096 1294 2172 καθεστὼς
1315 2092 1393 2174 ἔθος

178 2196 217 2262 τὸ
239 2193 383 2265 Ἀττικὸν
410 2201 545 2287 (Strabo
569 2202 659 2270 XIV
686 2224 716 2285 p.
746 2207 808 2268 648
835 2203 904 2290 0.),
932 2204 1027 2268 nimis
1057 2202 1254 2285 adroganter
1282 2203 1329 2266 ita
1360 2223 1393 2266 se

174 2301 314 2384 putabat
335 2302 499 2386 Atticum,
530 2310 568 2368 ut
589 2325 681 2369 veros
702 2305 775 2370 illos
797 2328 875 2390 prae
905 2327 938 2370 se
961 2312 1104 2389 agrestes
1125 2307 1284 2370 iudicaret
1311 2304 1393 2390 (Cic.

174 2403 270 2468 Brut.
305 2405 400 2492 286);
436 2409 526 2472 ouius
556 2407 599 2472 ad
625 2410 806 2491 exemplum
841 2416 874 2474 et
902 2409 1129 2474 auctoritatem
1162 2429 1235 2472 cum
1264 2407 1394 2491 plurimi

175 2508 292 2572 Asiani
324 2529 393 2573 sese
419 2510 665 2593 applicuissent,
696 2511 843 2592 Atticos,
878 2533 959 2595 quos
982 2511 1139 2576 imitando
1165 2511 1300 2593 adsequi
1329 2531 1394 2575 non

176 2615 345 2692 poterant,
369 2618 427 2677 aut
449 2611 660 2678 fastidiebant
681 2619 739 2678 aut
760 2635 871 2679 eorum
894 2611 1105 2696 ἐλαττώματα
1126 2615 1160 2677 in
1181 2615 1272 2697 peius
1293 2619 1395 2678 verte-

174 2715 267 2796 bant,
302 2736 404 2779 vanae
435 2715 644 2798 loquacitatis
675 2717 910 2800 pueriliumque
942 2718 1139 2804 ineptiarum
1172 2737 1211 2781 ac
1242 2716 1394 2781 ludorum

174 2837 326 2900 aucupes.
373 2839 477 2901 neque
499 2821 601 2902 magis
624 2819 768 2900 deerant,
791 2820 848 2902 qui
869 2821 1025 2887 Isocratis
1047 2821 1252 2904 epidicticum
1267 2818 1395 2885 dicendi

174 2941 275 3004 genus
297 2919 477 2986 reddidisse
499 2922 561 2987 sihi
583 2919 783 3004 viderentur,
802 2944 875 2988 cunr
897 2930 1005 2990 essent
1028 2921 1144 3007 ψυχροὶ
1167 2928 1199 2987 et
1222 2916 1392 3009 ἀκαλήθεις

174 3131 377 3139 ————-—-—-——-

264 3263 285 3332 ¹)
304 3263 380 3331 quod
410 3263 595 3332 improprium
628 3265 790 3334 ambiguum
817 3265 901 3319 inane
926 3267 1057 3319 insanum
1090 3263 1225 3334 frigidum
1251 3263 1392 3318 tumidum

175 3349 330 3418 praedulce
356 3351 522 3403 arcessitum
548 3352 689 3404 exsultans
714 3355 879 3420 corruptum
901 3352 1021 3420 denique
1044 3355 1073 3404 et
1092 3351 1264 3404 adfectatum
1286 3351 1315 3404 in
1332 3368 1393 3405 ver·

175 3437 277 3490 borum
296 3439 325 3489 et
343 3437 548 3491 sententiarum
562 3438 700 3492 electione
720 3441 749 3491 et
761 3438 968 3506 compositione
986 3442 1053 3502 erat,
1075 3438 1104 3491 id
1116 3437 1269 3492 cacozeliae
1281 3437 1394 3490 nomine

174 3521 336 3587 notabatur,
360 3523 394 3575 cl.
417 3523 547 3576 Demetr.
567 3543 596 3576 π.
616 3526 673 3593 έρμ.
699 3526 843 3578 186-189.
862 3527 925 3594 2393
950 3523 1014 3578 San.
1033 3525 1105 3580 rhet.
1124 3528 1212 3577 contr.
1231 3522 1275 3576 IX
1293 3525 1310 3576 2
1328 3523 1393 3592 (25),

173 3610 221 3676 26,
241 3625 313 3662 suas.
331 3612 356 3674 7,
377 3610 420 3676 11,
447 3626 517 3663 suas.
535 3611 560 3675 2,
581 3612 612 3664 16
636 3610 682 3678 (cl.
701 3614 790 3664 contr.
808 3609 909 3676 v114,
929 3613 969 3680 9),
987 3615 1075 3664 contr.
1094 3609 1138 3663 IX
1159 3613 1171 3662 1
1198 3611 1264 3680 (24),
1285 3611 1329 3677 153
1347 3609 1392 3662 Ps.

174 3693 264 3764 Long.
282 3693 367 3764 raba
386 3697 403 3747 3
421 3713 447 3764 p.
468 3697 510 3762 133
536 3695 631 3762 Quint.
649 3695 720 3763 113,
739 3699 762 3752 9.
792 3695 869 3750 VIII
886 3698 910 3762 3,
929 3698 963 3750 56
981 3714 1042 3765 sqq.
1069 3698 1093 3763 6,
1112 3697 1158 3763 733
1180 3695 1252 3751 Plin.
1273 3712 1314 3764 ep.
1334 3693 1393 3748 VII

176 3782 204 3845 23
234 3780 310 3835 Suet.
335 3782 393 3834 vita
415 3784 489 3851 Aug.
514 3784 560 3848 863
586 3782 721 3853 Hermog.
748 3803 776 3838 π,
800 3779 853 3857 εὕρ.
878 3781 910 3837 II
933 3785 984 3837 256
1007 3782 1069 3852 Sp.;
1098 3782 1201 3836 Donat.
1223 3783 1283 3836 vita
1306 3779 1392 3851 Verg.

176 3864 298 3935 Rffsch.;
333 3868 473 3936 Anonym.
508 3888 536 3921 π.
567 3887 645 3938 σχημ.
677 3867 726 3922 III
758 3869 808 3922 118
840 3868 908 3938 Sp,
951 3869 1010 3924 Jul.
1045 3868 1119 3924 Vict.
1149 3887 1176 3938 p.
1208 3869 1260 3922 436
1290 3867 1392 3936 Halm;

177 3949 314 4022 Porphyr.
342 3954 428 4009 schol.
450 3954 480 4006 in
498 3953 568 4007 Hor.
592 3957 832 4020 carmsaea103
855 3971 937 4009 serm.
955 3955 1031 4022 115,
1052 3957 1099 4022 41,
1126 3972 1169 4023 ep.
1187 3954 1203 4008 1
1223 3955 1262 4019 ll,
1285 3954 1327 4008 28.
1352 3955 1392 4020 12,

178 4040 263 4107 1932.
281 4057 308 4109 p.
326 4043 372 4108 24,
395 4039 470 4109 apud
487 4039 655 4108 Dionysium
672 4040 738 4095 Hal.
763 4041 870 4094 nullum
888 4041 964 4096 vocis
983 4041 1142 4110 exemplum
1158 4041 1262 4095 inveni.
1285 4040 1392 4110 primus

176 4126 252 4195 quod
281 4127 367 4180 sciam
396 4125 538 4180 Neanthes
570 4126 722 4195 Cyzicenus
750 4146 779 4180 π.
809 4125 963 4196 κακοζηλίας
992 4125 1129 4201 ῥητορικῆς
1152 4127 1273 4196 scripsit,
1294 4128 1392 4180 multis

178 4212 295 4266 saeculis
307 4216 372 4280 post
383 4211 532 4265 Callinicus
539 4212 673 4266 Petraeus
684 4211 863 4266 Constantini
872 4212 966 4282 Magni
979 4213 1102 4281 aequalis
1112 4213 1186 4266 idem
1195 4217 1392 4283 argumentum

175 4299 308 4353 tractavit
339 4299 427 4368 (Suid.
459 4315 479 4352 s.
506 4300 558 4367 v.);
590 4316 607 4352 a
635 4298 719 4368 Diog.
745 4297 779 4352 Ii.
803 4298 819 4352 1
846 4300 872 4365 1,
902 4301 935 4352 38
961 4302 1104 4353 servatum
1132 4302 1175 4353 est
1202 4300 1391 4369 fragmentum

173 4383 313 4440 Demetrii
335 4385 489 4456 Magnetis,
516 4385 546 4440 in
570 4403 626 4455 quo
649 4386 724 4440 inter
745 4383 875 4440 Thaletes
904 4390 1142 4441 commemoratur
1169 4386 1259 4457 ῥήτωρ
1285 4384 1391 4440 Καλλα-

175 4470 267 4528 τιανὸς
284 4470 433 4539 κακόζηλος.
469 4472 502 4529 cf.
522 4471 607 4525 etiam
626 4471 731 4526 Cornil.
749 4468 793 4524 IV
814 4473 853 4538 10,
874 4474 905 4526 15
925 4488 983 4542 sqq.
