3362 5216
917 255 959 316 28

335 457 539 529 Andocidem
571 459 703 543 eiusque
736 459 910 524 dictionem
941 461 999 522 eut
1026 460 1151 521 veteres
1183 457 1241 518 aut
1271 459 1416 521 recentes
1447 449 1544 514 critici

336 563 523 647 probabant
532 561 571 648 ¹),
601 583 719 645 neque,
750 567 788 626 ut
816 561 937 626 suerint
963 559 1072 644 plures
1104 577 1202 640 quam
1235 564 1375 623 aetatem
1406 554 1546 620 tulerunt

335 665 514 731 Andocidis
537 666 707 746 orationes
730 664 806 730 iude
829 664 974 747 sequitur
996 683 1049 728 eas
1071 661 1218 727 meliores
1240 661 1347 741 fuisse,
1371 666 1546 741 temporum

335 770 508 852 iniquitate
538 768 692 852 pessimas
720 772 848 832 tautum
877 767 919 832 ad
941 787 999 831 nos
1027 765 1224 848 pervenisse3
1254 766 1351 829 immo
1375 761 1546 846 quodiam

335 873 558 956 Hermogenes
592 871 747 936 acerrime
778 871 812 935 in
840 869 1044 935 Andocidem
1074 868 1253 948 invehitur,
1286 868 1361 932 inde
1393 883 1547 949 apparere

334 975 463 1040 videtur
485 973 666 1038 Andocidis
689 973 850 1038 orationes
872 974 1049 1036 etiamtunc
1071 970 1232 1052 habuisse,
1256 992 1320 1054 quo
1335 970 1547 1053 displicerent.

336 1077 474 1141 candide
501 1076 600 1159 igitur
626 1075 837 1159 profiteamur
865 1096 994 1140 necesse
1023 1080 1072 1138 est
1101 1095 1165 1140 non
1192 1074 1333 1156 liquere,
1364 1094 1429 1156 quo
1456 1075 1548 1154 pacto

336 1179 522 1244 Andocides
557 1180 590 1243 in
627 1200 784 1244 canonem
822 1179 922 1261 recipi
958 1178 1100 1262 potuerit
1133 1198 1152 1241 a
1186 1175 1327 1242 Caecilio
1361 1174 1548 1240 confectum.

335 1303 439 1365 neque
463 1281 566 1346 solum
588 1281 800 1362 Andocidem,
823 1287 912 1364 puto,
936 1280 1097 1346 Caecilius
1119 1281 1235 1345 canoni
1256 1300 1321 1343 non
1343 1277 1550 1362 ascripsisset,

337 1384 393 1450 sed
415 1408 454 1450 ne
471 1385 666 1450 Aeschinem
689 1385 829 1468 quidem,
851 1386 941 1453 ouius
965 1383 1197 1449 abundantiam
1217 1381 1361 1466 profecto
1383 1379 1550 1464 respuerit,

337 1489 389 1552 cui
425 1489 503 1552 satis
540 1489 643 1553 multa
679 1489 757 1552 vitia
795 1488 981 1571 exprobret,
1026 1507 1099 1550 cum
1139 1485 1320 1550 orationem
1357 1485 1425 1549 eius
1462 1485 1552 1546 vocet

336 1589 501 1678 κεχηνοῖάν
538 1615 611 1668 πως
648 1589 704 1655 καὶ
742 1585 870 1671 ἄτεχνον
900 1587 956 1654 καὶ
989 1592 1139 1677 προπετῆ
1171 1585 1225 1652 καὶ
1259 1582 1391 1672 εὐχερῶς
1424 1584 1486 1650 ἐπὶ
1517 1579 1550 1648 τὸ

337 1694 489 1780 λοιδορεῖν
515 1687 653 1777 αἰσχρῶς
678 1691 734 1758 καὶ
763 1687 922 1778 ἀπρεπῶς
948 1690 1054 1781 ῥήτορι
1081 1689 1279 1778 ἐξαγομένην,
1310 1685 1444 1770 ἔχουσαν
1466 1685 1504 1752 δέ
1523 1711 1553 1750 τι

336 1793 451 1884 εὐφυὲς
482 1795 538 1862 καὶ
570 1791 729 1881 εῧάγιογον
761 1794 816 1860 καὶ
849 1785 915 1860 οἷον
949 1790 987 1859 ἂν
1019 1790 1142 1878 γένοιτό
1173 1817 1236 1859 τινι
1269 1791 1306 1858 ἐκ
1339 1790 1469 1880 φύσεως
1501 1787 1553 1854 καὶ

337 1898 468 1988 μελέτης
495 1895 639 1987 ἀφανοῦς
665 1898 788 1984 (Schol.
818 1899 861 1964 ad
884 1899 1003 1964 Aesch.
1031 1897 1103 1963 fals.
1132 1899 1195 1982 leg.
1229 1901 1258 1979 3,
1290 1902 1306 1961 1
1337 1897 1385 1960 ed.
1414 1895 1496 1959 Tur.
1519 1893 1554 1958 ΙΙ

338 2028 367 2088 p.
390 2003 485 2088 26).²)
530 2025 635 2087 neque
663 2001 802 2067 fortasse
829 2003 914 2066 idem
936 2001 1150 2085 Antiphontis
1173 2002 1351 2065 orationem
1373 1998 1553 2082 probasset,

340 2129 435 2191 quem
461 2105 505 2194 μὴ
531 2106 602 2170 κατ’
630 2103 834 2194 ἐπιτήδευσιν
860 2103 939 2194 μήτε
965 2107 1100 2184 συνεχῶς
1122 2107 1190 2180 τοῖς
1210 2101 1295 2168 κατὰ
1318 2099 1462 2166 διάνοιαν
1487 2097 1553 2186 σχή-

338 2231 418 2292 μασι
448 2212 623 2296 κεχρῆσθαι
654 2209 814 2276 Caecilius
844 2208 979 2288 iudicat,
1009 2208 1127 2290 quique
1155 2228 1233 2272 suae
1261 2207 1378 2270 aetatis
1406 2207 1555 2288 princeps

339 2314 481 2378 nondum
515 2313 606 2377 novit
639 2312 846 2378 artificiosam
880 2311 1142 2395 compositionem
1175 2306 1412 2392 dictionemque
1445 2305 1556 2390 figuris
1622 2315 1623 2352 ³

339 2415 565 2502 distinctam.³)

428 2551 520 2636 Quae
561 2574 633 2617 cum
671 2553 719 2617 ita
762 2552 839 2632 sint,
873 2552 1029 2635 probasse
1073 2550 1166 2615 nobis
1211 2550 1356 2614 videmur
1400 2569 1557 2613 canonem

341 2656 451 2721 decem
496 2661 662 2719 oratorum
697 2675 717 2718 a
750 2653 884 2720 Caecilii
923 2654 1031 2720 indole
1060 2674 1128 2718 esse
1160 2653 1401 2717 alienissimum.
1445 2653 1559 2734 itaque

341 2781 413 2824 cum
463 2758 624 2824 Caecilius
674 2762 790 2822 auctor
841 2758 970 2821 canonis
1018 2778 1083 2820 non
1132 2754 1244 2833 fuerit,
1298 2760 1354 2819 aut
1382 2755 1443 2841 ab
1495 2755 1558 2818 alio
1622 2813 1623 2828 ἶ

340 2860 483 2927 eiusdem
525 2861 643 2925 aetatis
687 2867 819 2924 auctore
869 2865 927 2924 aut
974 2865 1049 2924 ante
1099 2859 1167 2922 eius
1217 2865 1358 2922 aetatem
1403 2879 1558 2922 canonem

341 2986 410 3030 esse
433 2963 612 3028 confectum
634 2964 746 3046 liquet.
792 2961 907 3045 quodsi
931 2961 1076 3045 quaeda
1099 2961 1300 3044 eloquentiae
1316 2962 1402 3024 cirea
1416 2958 1559 3043 Augusti

342 3069 559 3152 principatum
581 3073 669 3130 statu
696 3088 733 3131 ac
756 3066 942 3136 condicione
964 3063 1102 3138 tradidit
1123 3063 1299 3147 Dionysius
1323 3062 1362 3126 de
1386 3068 1467 3127 orat.
1492 3067 1557 3128 ant.
1622 3127 1623 3146 2

341 3193 483 3255 prooem.
524 3190 550 3233 ο.
585 3175 603 3234 2
637 3169 828 3252 perlegeris,
866 3167 1015 3250 Dionysii
1052 3167 1179 3232 demum
1218 3172 1249 3231 et
1281 3163 1415 3232 Caecilii
1451 3171 1557 3231 aetate
1622 3153 1623 3192 ³

342 3273 500 3339 eiusmodi
544 3293 700 3337 canonem
743 3272 784 3336 ad
827 3271 1040 3335 imitationem
1083 3270 1285 3354 propositum
1330 3289 1399 3332 esse
1435 3289 1558 3334 mecum

231 3426 233 3430 .
343 3377 486 3460 negabis.
530 3398 607 3460 ergo
639 3382 713 3440 ante
748 3373 925 3440 Caecilium
957 3379 1124 3438 oratorum
1155 3394 1257 3437 canon
1286 3378 1335 3437 ost
1366 3373 1557 3436 constitutus

347 3590 367 3594 r..
374 3587 548 3594 ...ῆι-

432 3721 453 3789 1)
472 3719 637 3773 testimonia
660 3718 784 3787 conlegit
803 3716 899 3782 Meier,
918 3716 1027 3770 Andoc.
1049 3714 1098 3769 ΠΙ
1125 3733 1152 3784 p.
1182 3715 1213 3767 15
1239 3717 1282 3784 (=
1312 3713 1413 3784 Opusc.
1442 3712 1458 3766 Ι
1488 3713 1557 3778 118);

343 3806 388 3860 W.
407 3806 543 3871 Francke,
570 3807 604 3858 de
622 3805 732 3859 Andoc.
757 3807 826 3856 orat.
847 3820 918 3871 quae
937 3806 981 3856 est
999 3802 1033 3855 de
1050 3818 1132 3871 pecc,
1156 3801 1222 3854 diss.
1244 3800 1309 3854 Hal.
1330 3802 1396 3853 1876
1419 3817 1444 3868 p.
1465 3803 1480 3851 7
1504 3814 1557 3866 sqq.

343 3896 385 3946 24.
404 3895 438 3946 30
456 3911 510 3961 sq.;
535 3893 624 3957 Blass,
645 3891 697 3944 AB
715 3891 731 3944 I
749 3891 808 3943 268.
828 3891 886 3942 283.
905 3891 956 3942 287
975 3906 1034 3957 sqq.
1054 3889 1113 3940 313.
1133 3889 1278 3940 316-318.
1296 3886 1411 3956 324sq.;
1429 3882 1559 3956 praefat

344 3981 453 4033 Andoc.
472 3980 538 4034 edit.
559 3979 616 4044 alt,
635 3977 711 4047 Lips.
734 3977 800 4030 1880
817 3994 843 4045 p.
863 3974 916 4029 XI.
934 3974 1031 4029 XVII.

432 4066 454 4137 2)
474 4065 507 4119 cf.
527 4066 622 4119 Schol.
639 4063 721 4118 Dem.
745 4064 774 4116 18
797 4080 823 4131 ρ.
842 4063 904 4126 269,
929 4062 975 4128 18;
998 4061 1080 4115 Dion.
1103 4061 1140 4115 H.
1158 4063 1227 4113 vett.
1247 4075 1321 4112 cens.
1344 4076 1370 4126 p.
1389 4058 1453 4123 4343
1472 4056 1557 4118 Blass,

345 4153 395 4208 GB
414 4155 459 4220 593
478 4152 530 4206 AB
549 4152 564 4205 I
582 4153 640 4204 323.
659 4149 706 4204 III
724 4151 740 4200 2
767 4167 794 4218 p.
813 4149 871 4204 182.
897 4148 954 4202 136.
976 4149 1032 4222 153.
1055 4148 1104 4200 158
1119 4164 1158 4215 eq.
1180 4146 1228 4199 193
1247 4161 1286 4212 sq.
1305 4145 1356 4196 230
1374 4161 1414 4212 sq,
1433 4145 1484 4196 284
1503 4159 1556 4210 sqq.

436 4240 457 4308 3)
476 4239 624 4306 Antiphon
651 4253 707 4290 non
737 4235 806 4289 solis
831 4234 1036 4290 sententiarum
1059 4233 1168 4304 figuris,
1191 4232 1241 4285 sed
1263 4230 1396 4299 exceptis
1413 4229 1558 4300 Gorgianis

344 4327 429 4380 etiam
456 4325 576 4395 σχήμασι
594 4324 687 4386 tetrae
705 4321 866 4376 abstinebat
888 4321 990 4391 (Blass,
1013 4319 1065 4373 AB
1089 4318 1197 4388 Ι134);
1227 4316 1362 4370 orationis
1390 4334 1456 4370 vero
1482 4313 1557 4385 ἇσχιγ

343 4420 477 4483 μοιίστου
499 4411 599 4466 vitium
622 4427 679 4463 non
704 4409 780 4462 inter
803 4407 919 4460 minima
943 4405 1020 4459 ducit
1044 4405 1138 4474 Quint.
1157 4403 1201 4458 lX
1219 4405 1240 4469 l,
1266 4404 1298 4456 10
1321 4419 1361 4469 sq.
1385 4402 1508 4456 Caecilio
1531 4403 1559 4452 ut

342 4501 455 4553 videtur
472 4500 632 4568 praeeunte.
