<?xml version="1.0" encoding="UTF-8"?>
<!DOCTYPE html PUBLIC "-//W3C//DTD XHTML 1.0 Transitional//EN"
    "http://www.w3.org/TR/xhtml1/DTD/xhtml1-transitional.dtd">
<html xmlns="http://www.w3.org/1999/xhtml" xml:lang="en" lang="en">
 <head>
  <title>
</title>
<meta http-equiv="Content-Type" content="text/html;charset=utf-8" />
  <meta name='ocr-system' content='tesseract 3.04.00' />
  <meta name='ocr-capabilities' content='ocr_page ocr_carea ocr_par ocr_line ocrx_word'/>
</head>
<body>
  <div class='ocr_page' id='page_1' title='image "./decanonedecemor00brzogoog_0029.png"; bbox 0 0 3362 5216; ppageno 0'>
   <div class='ocr_carea' id='block_1_1' title="bbox 225 484 1530 4610">
    <p class='ocr_par' dir='ltr' id='par_1_1' title="bbox 225 484 1529 3547">
     <span class='ocr_line' id='line_1_1' title="bbox 377 484 1514 572; baseline -0.002 -22"><span class='ocrx_word' id='word_1_1' title='bbox 377 485 502 569; x_wconf 78' lang='lat' dir='ltr'><strong>Quibus</strong></span> <span class='ocrx_word' id='word_1_2' title='bbox 524 486 604 550; x_wconf 87' lang='lat' dir='ltr'>locis</span> <span class='ocrx_word' id='word_1_3' title='bbox 627 488 821 572; x_wconf 88' lang='lat' dir='ltr'>comparatis</span> <span class='ocrx_word' id='word_1_4' title='bbox 845 509 917 554; x_wconf 91' lang='lat' dir='ltr'>cum</span> <span class='ocrx_word' id='word_1_5' title='bbox 939 488 1042 552; x_wconf 88' lang='lat' dir='ltr'>multa</span> <span class='ocrx_word' id='word_1_6' title='bbox 1062 485 1127 552; x_wconf 89' lang='lat' dir='ltr'>alie</span> <span class='ocrx_word' id='word_1_7' title='bbox 1149 491 1218 551; x_wconf 88' lang='lat' dir='ltr'>tum</span> <span class='ocrx_word' id='word_1_8' title='bbox 1246 484 1280 549; x_wconf 93' lang='lat' dir='ltr'>id</span> <span class='ocrx_word' id='word_1_9' title='bbox 1302 485 1514 568; x_wconf 77' lang='lat' dir='ltr'><strong>consequitur</strong></span> 
     </span>
     <span class='ocr_line' id='line_1_2' title="bbox 291 589 1515 673; baseline -0.002 -19"><span class='ocrx_word' id='word_1_10' title='bbox 291 589 477 654; x_wconf 80' lang='lat' dir='ltr'>Ciceronem</span> <span class='ocrx_word' id='word_1_11' title='bbox 501 589 713 655; x_wconf 82' lang='lat' dir='ltr'>vetustiorum</span> <span class='ocrx_word' id='word_1_12' title='bbox 736 612 775 657; x_wconf 90' lang='lat' dir='ltr'>ex</span> <span class='ocrx_word' id='word_1_13' title='bbox 797 591 918 658; x_wconf 83' lang='lat' dir='ltr'>decade</span> <span class='ocrx_word' id='word_1_14' title='bbox 940 595 1107 657; x_wconf 88' lang='lat' dir='ltr'>oratorum</span> <span class='ocrx_word' id='word_1_15' title='bbox 1121 589 1256 673; x_wconf 81' lang='lat' dir='ltr'>Lysiam</span> <span class='ocrx_word' id='word_1_16' title='bbox 1279 595 1311 653; x_wconf 90' lang='lat' dir='ltr'>et</span> <span class='ocrx_word' id='word_1_17' title='bbox 1333 589 1515 654; x_wconf 88' lang='lat' dir='ltr'>Isocratem</span> 
     </span>
     <span class='ocr_line' id='line_1_3' title="bbox 290 691 1512 774; baseline -0.002 -16"><span class='ocrx_word' id='word_1_18' title='bbox 290 700 328 758; x_wconf 93' lang='lat' dir='ltr'>nt</span> <span class='ocrx_word' id='word_1_19' title='bbox 364 715 402 756; x_wconf 86' lang='lat' dir='ltr'>ex</span> <span class='ocrx_word' id='word_1_20' title='bbox 442 713 478 756; x_wconf 92' lang='lat' dir='ltr'>eo</span> <span class='ocrx_word' id='word_1_21' title='bbox 517 714 651 758; x_wconf 91' lang='lat' dir='ltr'>numero</span> <span class='ocrx_word' id='word_1_22' title='bbox 691 695 866 761; x_wconf 83' lang='lat' dir='ltr'>eminentes</span> <span class='ocrx_word' id='word_1_23' title='bbox 899 695 1085 774; x_wconf 75' lang='lat' dir='ltr'>retinuisse,</span> <span class='ocrx_word' id='word_1_24' title='bbox 1128 715 1201 758; x_wconf 92' lang='lat' dir='ltr'>cum</span> <span class='ocrx_word' id='word_1_25' title='bbox 1235 691 1443 757; x_wconf 84' lang='lat' dir='ltr'>Andocidem</span> <span class='ocrx_word' id='word_1_26' title='bbox 1480 697 1512 756; x_wconf 94' lang='lat' dir='ltr'>et</span> 
     </span>
     <span class='ocr_line' id='line_1_4' title="bbox 290 796 1511 881; baseline -0.002 -20"><span class='ocrx_word' id='word_1_27' title='bbox 290 798 422 861; x_wconf 84' lang='lat' dir='ltr'>Isaeum</span> <span class='ocrx_word' id='word_1_28' title='bbox 436 817 568 879; x_wconf 88' lang='lat' dir='ltr'>prorsus</span> <span class='ocrx_word' id='word_1_29' title='bbox 584 798 778 881; x_wconf 83' lang='lat' dir='ltr'>neglegeret,</span> <span class='ocrx_word' id='word_1_30' title='bbox 794 798 1008 881; x_wconf 82' lang='lat' dir='ltr'>Antiphontis</span> <span class='ocrx_word' id='word_1_31' title='bbox 1022 798 1108 861; x_wconf 90' lang='lat' dir='ltr'>inter</span> <span class='ocrx_word' id='word_1_32' title='bbox 1122 798 1269 862; x_wconf 86' lang='lat' dir='ltr'>rhetores</span> <span class='ocrx_word' id='word_1_33' title='bbox 1283 796 1390 880; x_wconf 91' lang='lat' dir='ltr'>potius</span> <span class='ocrx_word' id='word_1_34' title='bbox 1407 815 1511 878; x_wconf 89' lang='lat' dir='ltr'>quam</span> 
     </span>
     <span class='ocr_line' id='line_1_5' title="bbox 294 899 1518 987; baseline -0.002 -24"><span class='ocrx_word' id='word_1_35' title='bbox 294 906 439 964; x_wconf 88' lang='lat' dir='ltr'>oratores</span> <span class='ocrx_word' id='word_1_36' title='bbox 475 899 596 964; x_wconf 86' lang='lat' dir='ltr'>faceret</span> <span class='ocrx_word' id='word_1_37' title='bbox 622 902 817 966; x_wconf 89' lang='lat' dir='ltr'>mentionem</span> <span class='ocrx_word' id='word_1_38' title='bbox 849 901 957 987; x_wconf 82' lang='lat' dir='ltr'>(Brut.</span> <span class='ocrx_word' id='word_1_39' title='bbox 977 906 1019 967; x_wconf 88' lang='grc'>47</span> <span class='ocrx_word' id='word_1_40' title='bbox 1050 922 1088 966; x_wconf 89' lang='lat' dir='ltr'>ex</span> <span class='ocrx_word' id='word_1_41' title='bbox 1111 900 1250 966; x_wconf 88' lang='lat' dir='ltr'>Aristot.</span> <span class='ocrx_word' id='word_1_42' title='bbox 1278 920 1386 982; x_wconf 77' lang='grc' dir='ltr'><strong><em>συναγ.</em></strong></span> <span class='ocrx_word' id='word_1_43' title='bbox 1406 900 1518 982; x_wconf 83' lang='grc' dir='ltr'><strong>τεχν.).</strong></span> 
     </span>
     <span class='ocr_line' id='line_1_6' title="bbox 292 1001 1519 1088; baseline -0.002 -22"><span class='ocrx_word' id='word_1_44' title='bbox 292 1006 402 1086; x_wconf 90' lang='lat' dir='ltr'>itaque</span> <span class='ocrx_word' id='word_1_45' title='bbox 432 1003 518 1067; x_wconf 93' lang='lat' dir='ltr'>idem</span> <span class='ocrx_word' id='word_1_46' title='bbox 553 1003 776 1084; x_wconf 76' lang='lat' dir='ltr'>observamur,</span> <span class='ocrx_word' id='word_1_47' title='bbox 812 1003 900 1088; x_wconf 91' lang='lat' dir='ltr'>quod</span> <span class='ocrx_word' id='word_1_48' title='bbox 931 1005 964 1069; x_wconf 94' lang='lat' dir='ltr'>in</span> <span class='ocrx_word' id='word_1_49' title='bbox 995 1004 1150 1086; x_wconf 89' lang='lat' dir='ltr'>Dionysio</span> <span class='ocrx_word' id='word_1_50' title='bbox 1179 1009 1277 1085; x_wconf 90' lang='lat' dir='ltr'>atque</span> <span class='ocrx_word' id='word_1_51' title='bbox 1307 1002 1451 1068; x_wconf 82' lang='lat' dir='ltr'>fortasse</span> <span class='ocrx_word' id='word_1_52' title='bbox 1485 1001 1519 1064; x_wconf 90' lang='lat' dir='ltr'>in</span> 
     </span>
     <span class='ocr_line' id='line_1_7' title="bbox 294 1104 1520 1190; baseline -0.003 -20"><span class='ocrx_word' id='word_1_53' title='bbox 294 1105 435 1188; x_wconf 88' lang='lat' dir='ltr'>Didymo</span> <span class='ocrx_word' id='word_1_54' title='bbox 465 1104 652 1170; x_wconf 83' lang='lat' dir='ltr'>observasse</span> <span class='ocrx_word' id='word_1_55' title='bbox 681 1107 772 1172; x_wconf 91' lang='lat' dir='ltr'>nobis</span> <span class='ocrx_word' id='word_1_56' title='bbox 801 1108 962 1189; x_wconf 86' lang='lat' dir='ltr'>videmur,</span> <span class='ocrx_word' id='word_1_57' title='bbox 994 1107 1088 1173; x_wconf 90' lang='lat' dir='ltr'>nimis</span> <span class='ocrx_word' id='word_1_58' title='bbox 1117 1106 1240 1190; x_wconf 91' lang='lat' dir='ltr'>priscos</span> <span class='ocrx_word' id='word_1_59' title='bbox 1267 1106 1340 1170; x_wconf 90' lang='lat' dir='ltr'>illos</span> <span class='ocrx_word' id='word_1_60' title='bbox 1369 1109 1520 1169; x_wconf 89' lang='lat' dir='ltr'>oratores</span> 
     </span>
     <span class='ocr_line' id='line_1_8' title="bbox 296 1207 1521 1294; baseline -0.002 -22"><span class='ocrx_word' id='word_1_61' title='bbox 296 1210 337 1273; x_wconf 87' lang='lat' dir='ltr'>ab</span> <span class='ocrx_word' id='word_1_62' title='bbox 365 1230 475 1273; x_wconf 90' lang='lat' dir='ltr'>eorum</span> <span class='ocrx_word' id='word_1_63' title='bbox 497 1210 638 1274; x_wconf 88' lang='lat' dir='ltr'>virorum</span> <span class='ocrx_word' id='word_1_64' title='bbox 659 1209 766 1276; x_wconf 91' lang='lat' dir='ltr'>indole</span> <span class='ocrx_word' id='word_1_65' title='bbox 790 1210 1013 1289; x_wconf 81' lang='lat' dir='ltr'>abhorruisse3</span> <span class='ocrx_word' id='word_1_66' title='bbox 1044 1209 1133 1294; x_wconf 91' lang='lat' dir='ltr'>quod</span> <span class='ocrx_word' id='word_1_67' title='bbox 1162 1209 1260 1273; x_wconf 90' lang='lat' dir='ltr'>etiam</span> <span class='ocrx_word' id='word_1_68' title='bbox 1288 1230 1361 1274; x_wconf 90' lang='lat' dir='ltr'>cum</span> <span class='ocrx_word' id='word_1_69' title='bbox 1388 1207 1521 1290; x_wconf 89' lang='lat' dir='ltr'>reliqua</span> 
     </span>
     <span class='ocr_line' id='line_1_9' title="bbox 296 1311 1521 1397; baseline -0.002 -20"><span class='ocrx_word' id='word_1_70' title='bbox 296 1312 459 1378; x_wconf 82' lang='lat' dir='ltr'>Ciceronis</span> <span class='ocrx_word' id='word_1_71' title='bbox 489 1311 616 1377; x_wconf 90' lang='lat' dir='ltr'>dicendi</span> <span class='ocrx_word' id='word_1_72' title='bbox 643 1314 771 1378; x_wconf 89' lang='lat' dir='ltr'>ratione</span> <span class='ocrx_word' id='word_1_73' title='bbox 791 1315 911 1397; x_wconf 92' lang='lat' dir='ltr'>optime</span> <span class='ocrx_word' id='word_1_74' title='bbox 938 1313 1085 1393; x_wconf 88' lang='lat' dir='ltr'>concinit,</span> <span class='ocrx_word' id='word_1_75' title='bbox 1114 1313 1170 1395; x_wconf 91' lang='lat' dir='ltr'>qui</span> <span class='ocrx_word' id='word_1_76' title='bbox 1200 1333 1328 1396; x_wconf 89' lang='lat' dir='ltr'>,parum</span> <span class='ocrx_word' id='word_1_77' title='bbox 1351 1312 1521 1394; x_wconf 88' lang='lat' dir='ltr'>antiquus‘</span> 
     </span>
     <span class='ocr_line' id='line_1_10' title="bbox 296 1415 1522 1502; baseline -0.004 -21"><span class='ocrx_word' id='word_1_78' title='bbox 296 1417 389 1502; x_wconf 78' lang='lat' dir='ltr'>(Tac.</span> <span class='ocrx_word' id='word_1_79' title='bbox 419 1416 496 1480; x_wconf 88' lang='lat' dir='ltr'>dial.</span> <span class='ocrx_word' id='word_1_80' title='bbox 527 1416 580 1500; x_wconf 87' lang='lat'>18)</span> <span class='ocrx_word' id='word_1_81' title='bbox 605 1437 834 1499; x_wconf 87' lang='lat' dir='ltr'>saepenumero</span> <span class='ocrx_word' id='word_1_82' title='bbox 856 1419 1035 1500; x_wconf 91' lang='lat' dir='ltr'>priscorum</span> <span class='ocrx_word' id='word_1_83' title='bbox 1059 1420 1225 1480; x_wconf 90' lang='lat' dir='ltr'>oratorum</span> <span class='ocrx_word' id='word_1_84' title='bbox 1248 1415 1299 1479; x_wconf 81' lang='lat' dir='ltr'>vel</span> <span class='ocrx_word' id='word_1_85' title='bbox 1322 1415 1522 1497; x_wconf 88' lang='lat' dir='ltr'>scriptorum</span> 
     </span>
     <span class='ocr_line' id='line_1_11' title="bbox 297 1517 1521 1604; baseline -0.004 -20"><span class='ocrx_word' id='word_1_86' title='bbox 297 1520 458 1584; x_wconf 92' lang='lat' dir='ltr'>studiosos</span> <span class='ocrx_word' id='word_1_87' title='bbox 490 1520 636 1601; x_wconf 87' lang='lat' dir='ltr'>castigat.</span> <span class='ocrx_word' id='word_1_88' title='bbox 680 1525 849 1604; x_wconf 88' lang='lat' dir='ltr'>praeterea</span> <span class='ocrx_word' id='word_1_89' title='bbox 870 1541 1025 1586; x_wconf 89' lang='lat' dir='ltr'>canonem</span> <span class='ocrx_word' id='word_1_90' title='bbox 1048 1541 1122 1584; x_wconf 91' lang='lat' dir='ltr'>eum</span> <span class='ocrx_word' id='word_1_91' title='bbox 1144 1519 1270 1582; x_wconf 88' lang='lat' dir='ltr'>novisse</span> <span class='ocrx_word' id='word_1_92' title='bbox 1293 1517 1521 1600; x_wconf 88' lang='lat' dir='ltr'>comperimus,</span> 
     </span>
     <span class='ocr_line' id='line_1_12' title="bbox 298 1619 1523 1707; baseline -0.002 -21"><span class='ocrx_word' id='word_1_93' title='bbox 298 1623 349 1686; x_wconf 89' lang='lat' dir='ltr'>cui</span> <span class='ocrx_word' id='word_1_94' title='bbox 365 1623 534 1706; x_wconf 84' lang='lat' dir='ltr'>Lyeurgus</span> <span class='ocrx_word' id='word_1_95' title='bbox 557 1629 590 1687; x_wconf 90' lang='lat' dir='ltr'>et</span> <span class='ocrx_word' id='word_1_96' title='bbox 604 1623 790 1689; x_wconf 87' lang='lat' dir='ltr'>Dinarchus</span> <span class='ocrx_word' id='word_1_97' title='bbox 813 1624 944 1707; x_wconf 87' lang='lat' dir='ltr'>ascripti</span> <span class='ocrx_word' id='word_1_98' title='bbox 964 1622 1094 1687; x_wconf 83' lang='lat' dir='ltr'>fuerint.</span> <span class='ocrx_word' id='word_1_99' title='bbox 1139 1622 1217 1707; x_wconf 90' lang='lat' dir='ltr'>quin</span> <span class='ocrx_word' id='word_1_100' title='bbox 1241 1620 1339 1685; x_wconf 90' lang='lat' dir='ltr'>etiam</span> <span class='ocrx_word' id='word_1_101' title='bbox 1362 1619 1523 1686; x_wconf 91' lang='lat' dir='ltr'>decadem</span> 
     </span>
     <span class='ocr_line' id='line_1_13' title="bbox 225 1723 1527 1814; baseline -0.005 -24"><span class='ocrx_word' id='word_1_102' title='bbox 225 1811 226 1814; x_wconf 8' lang='grc' dir='ltr'><strong>Ἴ</strong></span> <span class='ocrx_word' id='word_1_103' title='bbox 300 1726 403 1809; x_wconf 86' lang='lat' dir='ltr'>ipsam</span> <span class='ocrx_word' id='word_1_104' title='bbox 432 1726 473 1790; x_wconf 89' lang='lat' dir='ltr'>ab</span> <span class='ocrx_word' id='word_1_105' title='bbox 507 1728 695 1792; x_wconf 89' lang='lat' dir='ltr'>auctoribus</span> <span class='ocrx_word' id='word_1_106' title='bbox 724 1728 791 1793; x_wconf 89' lang='lat' dir='ltr'>eius</span> <span class='ocrx_word' id='word_1_107' title='bbox 824 1727 981 1792; x_wconf 87' lang='lat' dir='ltr'>traditam</span> <span class='ocrx_word' id='word_1_108' title='bbox 1001 1725 1130 1790; x_wconf 88' lang='lat' dir='ltr'>videtur</span> <span class='ocrx_word' id='word_1_109' title='bbox 1155 1729 1259 1789; x_wconf 91' lang='lat' dir='ltr'>totam</span> <span class='ocrx_word' id='word_1_110' title='bbox 1284 1723 1448 1804; x_wconf 90' lang='lat' dir='ltr'>reiecisse,</span> <span class='ocrx_word' id='word_1_111' title='bbox 1486 1742 1527 1785; x_wconf 88' lang='lat' dir='ltr'>ex</span> 
     </span>
     <span class='ocr_line' id='line_1_14' title="bbox 298 1826 1525 1916; baseline -0.006 -20"><span class='ocrx_word' id='word_1_112' title='bbox 298 1837 392 1916; x_wconf 89' lang='lat' dir='ltr'>parte</span> <span class='ocrx_word' id='word_1_113' title='bbox 422 1830 593 1914; x_wconf 88' lang='lat' dir='ltr'>probasse,</span> <span class='ocrx_word' id='word_1_114' title='bbox 628 1830 787 1914; x_wconf 85' lang='lat' dir='ltr'>siquidem</span> <span class='ocrx_word' id='word_1_115' title='bbox 817 1835 904 1895; x_wconf 90' lang='lat' dir='ltr'>recte</span> <span class='ocrx_word' id='word_1_116' title='bbox 933 1831 997 1894; x_wconf 92' lang='lat' dir='ltr'>huc</span> <span class='ocrx_word' id='word_1_117' title='bbox 1026 1829 1131 1894; x_wconf 85' lang='lat' dir='ltr'>refero</span> <span class='ocrx_word' id='word_1_118' title='bbox 1162 1826 1244 1892; x_wconf 90' lang='lat' dir='ltr'>duos</span> <span class='ocrx_word' id='word_1_119' title='bbox 1282 1826 1388 1908; x_wconf 78' lang='lat' dir='ltr'>locor,</span> <span class='ocrx_word' id='word_1_120' title='bbox 1417 1847 1525 1891; x_wconf 91' lang='lat' dir='ltr'>unum</span> 
     </span>
     <span class='ocr_line' id='line_1_15' title="bbox 299 1928 1524 2018; baseline -0.006 -20"><span class='ocrx_word' id='word_1_121' title='bbox 299 1935 402 2018; x_wconf 90' lang='lat' dir='ltr'>ipsius</span> <span class='ocrx_word' id='word_1_122' title='bbox 425 1933 600 2016; x_wconf 80' lang='lat' dir='ltr'>Ciceronis,</span> <span class='ocrx_word' id='word_1_123' title='bbox 625 1935 762 1999; x_wconf 92' lang='lat' dir='ltr'>alterum</span> <span class='ocrx_word' id='word_1_124' title='bbox 779 1931 982 2018; x_wconf 80' lang='lat' dir='ltr'>Quintiliani.</span> <span class='ocrx_word' id='word_1_125' title='bbox 1025 1933 1058 1997; x_wconf 92' lang='lat' dir='ltr'>in</span> <span class='ocrx_word' id='word_1_126' title='bbox 1080 1930 1191 2010; x_wconf 90' lang='lat' dir='ltr'>libelli,</span> <span class='ocrx_word' id='word_1_127' title='bbox 1216 1949 1280 2014; x_wconf 92' lang='lat' dir='ltr'>quo</span> <span class='ocrx_word' id='word_1_128' title='bbox 1295 1928 1524 1993; x_wconf 86' lang='lat' dir='ltr'>Asiaticorum</span> 
     </span>
     <span class='ocr_line' id='line_1_16' title="bbox 302 2030 1523 2119; baseline -0.005 -17"><span class='ocrx_word' id='word_1_129' title='bbox 302 2045 335 2102; x_wconf 90' lang='lat' dir='ltr'>et</span> <span class='ocrx_word' id='word_1_130' title='bbox 378 2039 566 2102; x_wconf 87' lang='lat' dir='ltr'>Atticorum</span> <span class='ocrx_word' id='word_1_131' title='bbox 614 2036 741 2104; x_wconf 88' lang='lat' dir='ltr'>dicendi</span> <span class='ocrx_word' id='word_1_132' title='bbox 784 2057 903 2119; x_wconf 84' lang='lat' dir='ltr'>genera</span> <span class='ocrx_word' id='word_1_133' title='bbox 950 2036 1092 2101; x_wconf 80' lang='lat' dir='ltr'>breviter</span> <span class='ocrx_word' id='word_1_134' title='bbox 1135 2037 1319 2117; x_wconf 88' lang='lat' dir='ltr'>percenset,</span> <span class='ocrx_word' id='word_1_135' title='bbox 1364 2030 1405 2096; x_wconf 91' lang='lat' dir='ltr'>de</span> <span class='ocrx_word' id='word_1_136' title='bbox 1452 2037 1523 2115; x_wconf 89' lang='lat' dir='ltr'>opt.</span> 
     </span>
     <span class='ocr_line' id='line_1_17' title="bbox 302 2135 1523 2224; baseline -0.007 -18"><span class='ocrx_word' id='word_1_137' title='bbox 302 2163 372 2224; x_wconf 86' lang='lat' dir='ltr'>gen.</span> <span class='ocrx_word' id='word_1_138' title='bbox 412 2161 457 2204; x_wconf 90' lang='lat' dir='ltr'>or.</span> <span class='ocrx_word' id='word_1_139' title='bbox 497 2145 514 2203; x_wconf 90' lang='grc'>7</span> <span class='ocrx_word' id='word_1_140' title='bbox 548 2141 628 2206; x_wconf 88' lang='lat' dir='ltr'>haec</span> <span class='ocrx_word' id='word_1_141' title='bbox 655 2141 757 2206; x_wconf 87' lang='lat' dir='ltr'>tradit</span> <span class='ocrx_word' id='word_1_142' title='bbox 793 2139 921 2206; x_wconf 88' lang='lat' dir='ltr'>Cicero:</span> <span class='ocrx_word' id='word_1_143' title='bbox 967 2145 1027 2220; x_wconf 90' lang='lat' dir='ltr'>,est</span> <span class='ocrx_word' id='word_1_144' title='bbox 1058 2139 1171 2202; x_wconf 86' lang='lat' dir='ltr'>vitium</span> <span class='ocrx_word' id='word_1_145' title='bbox 1200 2139 1234 2202; x_wconf 92' lang='lat' dir='ltr'>in</span> <span class='ocrx_word' id='word_1_146' title='bbox 1269 2136 1447 2216; x_wconf 89' lang='lat' dir='ltr'>sententia,</span> <span class='ocrx_word' id='word_1_147' title='bbox 1494 2135 1523 2198; x_wconf 91' lang='lat' dir='ltr'>si</span> 
     </span>
     <span class='ocr_line' id='line_1_18' title="bbox 303 2239 1524 2327; baseline -0.005 -19"><span class='ocrx_word' id='word_1_148' title='bbox 303 2241 381 2327; x_wconf 93' lang='lat' dir='ltr'>quid</span> <span class='ocrx_word' id='word_1_149' title='bbox 416 2243 593 2308; x_wconf 90' lang='lat' dir='ltr'>absurdum</span> <span class='ocrx_word' id='word_1_150' title='bbox 626 2251 683 2308; x_wconf 92' lang='lat' dir='ltr'>aut</span> <span class='ocrx_word' id='word_1_151' title='bbox 711 2244 850 2309; x_wconf 87' lang='lat' dir='ltr'>alienum</span> <span class='ocrx_word' id='word_1_152' title='bbox 877 2249 1025 2308; x_wconf 90' lang='lat' dir='ltr'>autnon</span> <span class='ocrx_word' id='word_1_153' title='bbox 1053 2247 1183 2305; x_wconf 88' lang='lat' dir='ltr'>acutum</span> <span class='ocrx_word' id='word_1_154' title='bbox 1211 2246 1268 2306; x_wconf 88' lang='lat' dir='ltr'>aut</span> <span class='ocrx_word' id='word_1_155' title='bbox 1298 2239 1524 2306; x_wconf 89' lang='lat' dir='ltr'>subinsulsum</span> 
     </span>
     <span class='ocr_line' id='line_1_19' title="bbox 304 2342 1527 2430; baseline -0.007 -18"><span class='ocrx_word' id='word_1_156' title='bbox 304 2355 365 2426; x_wconf 89' lang='lat' dir='ltr'>est;</span> <span class='ocrx_word' id='word_1_157' title='bbox 399 2349 431 2412; x_wconf 91' lang='lat' dir='ltr'>in</span> <span class='ocrx_word' id='word_1_158' title='bbox 466 2347 588 2427; x_wconf 88' lang='lat' dir='ltr'>verbis,</span> <span class='ocrx_word' id='word_1_159' title='bbox 615 2347 642 2411; x_wconf 91' lang='lat' dir='ltr'>si</span> <span class='ocrx_word' id='word_1_160' title='bbox 667 2347 888 2430; x_wconf 88' lang='lat' dir='ltr'>inquinatum,</span> <span class='ocrx_word' id='word_1_161' title='bbox 926 2347 953 2410; x_wconf 93' lang='lat' dir='ltr'>si</span> <span class='ocrx_word' id='word_1_162' title='bbox 980 2344 1158 2426; x_wconf 87' lang='lat' dir='ltr'>abiectum,</span> <span class='ocrx_word' id='word_1_163' title='bbox 1187 2345 1215 2408; x_wconf 91' lang='lat' dir='ltr'>si</span> <span class='ocrx_word' id='word_1_164' title='bbox 1242 2366 1308 2409; x_wconf 90' lang='lat' dir='ltr'>non</span> <span class='ocrx_word' id='word_1_165' title='bbox 1334 2348 1465 2426; x_wconf 89' lang='lat' dir='ltr'>aptum,</span> <span class='ocrx_word' id='word_1_166' title='bbox 1498 2342 1527 2404; x_wconf 93' lang='lat' dir='ltr'>si</span> 
     </span>
     <span class='ocr_line' id='line_1_20' title="bbox 304 2444 1528 2534; baseline -0.007 -19"><span class='ocrx_word' id='word_1_167' title='bbox 304 2451 434 2531; x_wconf 88' lang='lat' dir='ltr'>durum,</span> <span class='ocrx_word' id='word_1_168' title='bbox 471 2452 497 2514; x_wconf 90' lang='lat' dir='ltr'>si</span> <span class='ocrx_word' id='word_1_169' title='bbox 540 2449 634 2533; x_wconf 83' lang='lat' dir='ltr'>longe</span> <span class='ocrx_word' id='word_1_170' title='bbox 662 2451 808 2534; x_wconf 89' lang='lat' dir='ltr'>petitum.</span> <span class='ocrx_word' id='word_1_171' title='bbox 874 2451 956 2516; x_wconf 91' lang='lat' dir='ltr'>haec</span> <span class='ocrx_word' id='word_1_172' title='bbox 993 2449 1176 2514; x_wconf 84' lang='lat' dir='ltr'>vitaverunt</span> <span class='ocrx_word' id='word_1_173' title='bbox 1202 2447 1270 2512; x_wconf 86' lang='lat' dir='ltr'>fere</span> <span class='ocrx_word' id='word_1_174' title='bbox 1307 2466 1432 2527; x_wconf 90' lang='lat' dir='ltr'>omnes,</span> <span class='ocrx_word' id='word_1_175' title='bbox 1467 2444 1528 2529; x_wconf 88' lang='lat' dir='ltr'>qui</span> 
     </span>
     <span class='ocr_line' id='line_1_21' title="bbox 304 2549 1528 2620; baseline -0.006 -2"><span class='ocrx_word' id='word_1_176' title='bbox 304 2561 362 2618; x_wconf 91' lang='lat' dir='ltr'>aut</span> <span class='ocrx_word' id='word_1_177' title='bbox 399 2555 505 2618; x_wconf 87' lang='lat' dir='ltr'>Attici</span> <span class='ocrx_word' id='word_1_178' title='bbox 540 2560 751 2618; x_wconf 88' lang='lat' dir='ltr'>numerantur</span> <span class='ocrx_word' id='word_1_179' title='bbox 792 2560 849 2619; x_wconf 93' lang='lat' dir='ltr'>aut</span> <span class='ocrx_word' id='word_1_180' title='bbox 889 2554 1001 2620; x_wconf 90' lang='lat' dir='ltr'>dicunt</span> <span class='ocrx_word' id='word_1_181' title='bbox 1036 2553 1169 2616; x_wconf 63' lang='lat' dir='ltr'>Attice!</span> <span class='ocrx_word' id='word_1_182' title='bbox 1218 2549 1305 2615; x_wconf 90' lang='lat' dir='ltr'>unde</span> <span class='ocrx_word' id='word_1_183' title='bbox 1340 2549 1528 2613; x_wconf 89' lang='lat' dir='ltr'>luculenter</span> 
     </span>
     <span class='ocr_line' id='line_1_22' title="bbox 305 2652 1528 2741; baseline -0.004 -20"><span class='ocrx_word' id='word_1_184' title='bbox 305 2663 442 2741; x_wconf 88' lang='lat' dir='ltr'>apparet</span> <span class='ocrx_word' id='word_1_185' title='bbox 463 2677 632 2721; x_wconf 91' lang='lat' dir='ltr'>numerum</span> <span class='ocrx_word' id='word_1_186' title='bbox 660 2657 822 2740; x_wconf 88' lang='lat' dir='ltr'>quendam</span> <span class='ocrx_word' id='word_1_187' title='bbox 843 2664 968 2723; x_wconf 91' lang='lat' dir='ltr'>certum</span> <span class='ocrx_word' id='word_1_188' title='bbox 995 2662 1160 2722; x_wconf 89' lang='lat' dir='ltr'>oratorum</span> <span class='ocrx_word' id='word_1_189' title='bbox 1182 2655 1369 2720; x_wconf 90' lang='lat' dir='ltr'>Atticorum</span> <span class='ocrx_word' id='word_1_190' title='bbox 1399 2652 1528 2718; x_wconf 91' lang='lat' dir='ltr'>secerni</span> 
     </span>
     <span class='ocr_line' id='line_1_23' title="bbox 306 2756 1527 2843; baseline -0.003 -19"><span class='ocrx_word' id='word_1_191' title='bbox 306 2761 347 2826; x_wconf 84' lang='lat' dir='ltr'>ab</span> <span class='ocrx_word' id='word_1_192' title='bbox 371 2761 442 2824; x_wconf 88' lang='lat' dir='ltr'>aliis</span> <span class='ocrx_word' id='word_1_193' title='bbox 465 2760 648 2825; x_wconf 91' lang='lat' dir='ltr'>oratoribus</span> <span class='ocrx_word' id='word_1_194' title='bbox 669 2761 782 2826; x_wconf 91' lang='lat' dir='ltr'>iisdem</span> <span class='ocrx_word' id='word_1_195' title='bbox 803 2761 936 2843; x_wconf 89' lang='lat' dir='ltr'>Atticis,</span> <span class='ocrx_word' id='word_1_196' title='bbox 965 2762 1050 2826; x_wconf 92' lang='lat' dir='ltr'>inter</span> <span class='ocrx_word' id='word_1_197' title='bbox 1073 2779 1154 2843; x_wconf 91' lang='lat' dir='ltr'>quos</span> <span class='ocrx_word' id='word_1_198' title='bbox 1176 2758 1382 2822; x_wconf 90' lang='lat' dir='ltr'>Demetrium</span> <span class='ocrx_word' id='word_1_199' title='bbox 1404 2756 1527 2821; x_wconf 88' lang='lat' dir='ltr'>Phale·</span> 
     </span>
     <span class='ocr_line' id='line_1_24' title="bbox 305 2859 1525 2950; baseline -0.005 -22"><span class='ocrx_word' id='word_1_200' title='bbox 305 2886 396 2928; x_wconf 90' lang='lat' dir='ltr'>reum</span> <span class='ocrx_word' id='word_1_201' title='bbox 424 2861 537 2927; x_wconf 89' lang='lat' dir='ltr'>Cicero</span> <span class='ocrx_word' id='word_1_202' title='bbox 567 2863 695 2928; x_wconf 85' lang='lat' dir='ltr'>videtur</span> <span class='ocrx_word' id='word_1_203' title='bbox 722 2864 887 2930; x_wconf 88' lang='lat' dir='ltr'>rettulisse</span> <span class='ocrx_word' id='word_1_204' title='bbox 918 2864 1028 2950; x_wconf 84' lang='lat' dir='ltr'>(Brut.</span> <span class='ocrx_word' id='word_1_205' title='bbox 1059 2863 1147 2946; x_wconf 76' lang='lat'><strong>285).</strong></span> <span class='ocrx_word' id='word_1_206' title='bbox 1192 2861 1275 2926; x_wconf 91' lang='lat' dir='ltr'>alter</span> <span class='ocrx_word' id='word_1_207' title='bbox 1305 2861 1394 2926; x_wconf 88' lang='lat' dir='ltr'>locus</span> <span class='ocrx_word' id='word_1_208' title='bbox 1416 2866 1466 2924; x_wconf 91' lang='lat' dir='ltr'>est</span> <span class='ocrx_word' id='word_1_209' title='bbox 1489 2859 1525 2923; x_wconf 93' lang='lat' dir='ltr'>in</span> 
     </span>
     <span class='ocr_line' id='line_1_25' title="bbox 308 2963 1522 3050; baseline -0.002 -21"><span class='ocrx_word' id='word_1_210' title='bbox 308 2965 504 3050; x_wconf 76' lang='lat' dir='ltr'>Quintiliani</span> <span class='ocrx_word' id='word_1_211' title='bbox 534 2965 616 3030; x_wconf 93' lang='lat' dir='ltr'>libro</span> <span class='ocrx_word' id='word_1_212' title='bbox 647 2966 684 3031; x_wconf 90' lang='lat' dir='ltr'>X</span> <span class='ocrx_word' id='word_1_213' title='bbox 718 2971 745 3048; x_wconf 95' lang='lat' dir='ltr'>l,</span> <span class='ocrx_word' id='word_1_214' title='bbox 781 2971 830 3047; x_wconf 86' lang='grc'>76,</span> <span class='ocrx_word' id='word_1_215' title='bbox 866 2967 921 3050; x_wconf 90' lang='lat' dir='ltr'>qui</span> <span class='ocrx_word' id='word_1_216' title='bbox 953 2966 1143 3033; x_wconf 88' lang='lat' dir='ltr'>Ciceronem</span> <span class='ocrx_word' id='word_1_217' title='bbox 1175 2963 1346 3030; x_wconf 84' lang='lat' dir='ltr'>manifesto</span> <span class='ocrx_word' id='word_1_218' title='bbox 1380 2968 1522 3042; x_wconf 87' lang='lat' dir='ltr'>secutus,</span> 
     </span>
     <span class='ocr_line' id='line_1_26' title="bbox 308 3067 1527 3155; baseline -0.004 -22"><span class='ocrx_word' id='word_1_219' title='bbox 308 3091 388 3151; x_wconf 92' lang='lat' dir='ltr'>quos</span> <span class='ocrx_word' id='word_1_220' title='bbox 410 3069 463 3132; x_wconf 89' lang='lat' dir='ltr'>hic</span> <span class='ocrx_word' id='word_1_221' title='bbox 486 3067 526 3132; x_wconf 93' lang='lat' dir='ltr'>de</span> <span class='ocrx_word' id='word_1_222' title='bbox 549 3090 593 3133; x_wconf 89' lang='lat' dir='ltr'>or.</span> <span class='ocrx_word' id='word_1_223' title='bbox 616 3069 675 3133; x_wconf 90' lang='lat' dir='ltr'>III</span> <span class='ocrx_word' id='word_1_224' title='bbox 691 3075 731 3134; x_wconf 75' lang='grc'>28</span> <span class='ocrx_word' id='word_1_225' title='bbox 754 3072 954 3136; x_wconf 83' lang='lat' dir='ltr'>enumeravit</span> <span class='ocrx_word' id='word_1_226' title='bbox 975 3071 1118 3155; x_wconf 89' lang='lat' dir='ltr'>quinque</span> <span class='ocrx_word' id='word_1_227' title='bbox 1133 3068 1428 3153; x_wconf 87' lang='lat' dir='ltr'>praestantissimos</span> <span class='ocrx_word' id='word_1_228' title='bbox 1451 3085 1527 3130; x_wconf 89' lang='lat' dir='ltr'>ora-</span> 
     </span>
     <span class='ocr_line' id='line_1_27' title="bbox 309 3168 1529 3258; baseline -0.005 -22"><span class='ocrx_word' id='word_1_229' title='bbox 309 3179 410 3247; x_wconf 87' lang='lat' dir='ltr'>tores,</span> <span class='ocrx_word' id='word_1_230' title='bbox 434 3173 561 3236; x_wconf 86' lang='lat' dir='ltr'>inverso</span> <span class='ocrx_word' id='word_1_231' title='bbox 584 3178 712 3238; x_wconf 91' lang='lat' dir='ltr'>tantum</span> <span class='ocrx_word' id='word_1_232' title='bbox 740 3172 853 3239; x_wconf 90' lang='lat' dir='ltr'>ordine</span> <span class='ocrx_word' id='word_1_233' title='bbox 881 3180 914 3238; x_wconf 93' lang='lat' dir='ltr'>et</span> <span class='ocrx_word' id='word_1_234' title='bbox 935 3175 1004 3258; x_wconf 91' lang='lat' dir='ltr'>ipse</span> <span class='ocrx_word' id='word_1_235' title='bbox 1025 3179 1180 3253; x_wconf 90' lang='lat' dir='ltr'>recenset,</span> <span class='ocrx_word' id='word_1_236' title='bbox 1204 3178 1303 3255; x_wconf 88' lang='lat' dir='ltr'>atque</span> <span class='ocrx_word' id='word_1_237' title='bbox 1325 3191 1398 3235; x_wconf 91' lang='lat' dir='ltr'>cum</span> <span class='ocrx_word' id='word_1_238' title='bbox 1416 3168 1489 3232; x_wconf 91' lang='lat' dir='ltr'>illos</span> <span class='ocrx_word' id='word_1_239' title='bbox 1512 3188 1529 3230; x_wconf 92' lang='lat' dir='ltr'>e</span> 
     </span>
     <span class='ocr_line' id='line_1_28' title="bbox 263 3270 1529 3360; baseline -0.006 -20"><span class='ocrx_word' id='word_1_240' title='bbox 263 3311 265 3314; x_wconf 93' lang='lat'>·</span> <span class='ocrx_word' id='word_1_241' title='bbox 309 3297 444 3340; x_wconf 92' lang='lat' dir='ltr'>numero</span> <span class='ocrx_word' id='word_1_242' title='bbox 468 3275 599 3341; x_wconf 86' lang='lat' dir='ltr'>denario</span> <span class='ocrx_word' id='word_1_243' title='bbox 628 3275 789 3342; x_wconf 89' lang='lat' dir='ltr'>distinctis</span> <span class='ocrx_word' id='word_1_244' title='bbox 817 3277 922 3342; x_wconf 82' lang='lat' dir='ltr'>uerbis</span> <span class='ocrx_word' id='word_1_245' title='bbox 953 3275 1110 3360; x_wconf 85' lang='lat' dir='ltr'>significet</span> <span class='ocrx_word' id='word_1_246' title='bbox 1139 3296 1207 3341; x_wconf 91' lang='lat' dir='ltr'>esse</span> <span class='ocrx_word' id='word_1_247' title='bbox 1230 3279 1412 3358; x_wconf 88' lang='lat' dir='ltr'>exemptos,</span> <span class='ocrx_word' id='word_1_248' title='bbox 1440 3270 1529 3334; x_wconf 90' lang='lat' dir='ltr'>idem</span> 
     </span>
     <span class='ocr_line' id='line_1_29' title="bbox 312 3379 1528 3464; baseline -0.007 -19"><span class='ocrx_word' id='word_1_249' title='bbox 312 3379 500 3445; x_wconf 89' lang='lat' dir='ltr'>Ciceronem</span> <span class='ocrx_word' id='word_1_250' title='bbox 534 3381 584 3445; x_wconf 87' lang='lat' dir='ltr'>vel</span> <span class='ocrx_word' id='word_1_251' title='bbox 614 3381 722 3464; x_wconf 89' lang='lat' dir='ltr'>potius</span> <span class='ocrx_word' id='word_1_252' title='bbox 752 3381 821 3446; x_wconf 91' lang='lat' dir='ltr'>eius</span> <span class='ocrx_word' id='word_1_253' title='bbox 861 3387 1026 3447; x_wconf 89' lang='lat' dir='ltr'>auctorem</span> <span class='ocrx_word' id='word_1_254' title='bbox 1059 3379 1172 3445; x_wconf 87' lang='lat' dir='ltr'>fecisse</span> <span class='ocrx_word' id='word_1_255' title='bbox 1203 3379 1344 3463; x_wconf 90' lang='lat' dir='ltr'>proclive</span> <span class='ocrx_word' id='word_1_256' title='bbox 1373 3382 1423 3441; x_wconf 92' lang='lat' dir='ltr'>est</span> <span class='ocrx_word' id='word_1_257' title='bbox 1453 3395 1528 3439; x_wconf 91' lang='lat' dir='ltr'>con-</span> 
     </span>
     <span class='ocr_line' id='line_1_30' title="bbox 310 3484 403 3547; baseline -0.011 -1"><span class='ocrx_word' id='word_1_258' title='bbox 310 3484 403 3547; x_wconf 90' lang='lat' dir='ltr'>icere.</span> 
     </span>
    </p>

    <p class='ocr_par' dir='ltr' id='par_1_2' title="bbox 312 3576 1530 4610">
     <span class='ocr_line' id='line_1_31' title="bbox 399 3576 1530 3666; baseline -0.01 -14"><span class='ocrx_word' id='word_1_259' title='bbox 399 3585 464 3652; x_wconf 80' lang='lat' dir='ltr'>Sed</span> <span class='ocrx_word' id='word_1_260' title='bbox 491 3586 571 3651; x_wconf 90' lang='lat' dir='ltr'>haec</span> <span class='ocrx_word' id='word_1_261' title='bbox 598 3587 768 3666; x_wconf 88' lang='lat' dir='ltr'>hactenus;</span> <span class='ocrx_word' id='word_1_262' title='bbox 796 3585 934 3653; x_wconf 88' lang='lat' dir='ltr'>vidimus</span> <span class='ocrx_word' id='word_1_263' title='bbox 961 3584 1042 3651; x_wconf 91' lang='lat' dir='ltr'>illud</span> <span class='ocrx_word' id='word_1_264' title='bbox 1071 3592 1168 3664; x_wconf 90' lang='lat' dir='ltr'>certe,</span> <span class='ocrx_word' id='word_1_265' title='bbox 1197 3585 1262 3648; x_wconf 90' lang='lat' dir='ltr'>iam</span> <span class='ocrx_word' id='word_1_266' title='bbox 1290 3586 1365 3646; x_wconf 89' lang='lat' dir='ltr'>ante</span> <span class='ocrx_word' id='word_1_267' title='bbox 1394 3576 1530 3645; x_wconf 91' lang='lat' dir='ltr'>Caecilii</span> 
     </span>
     <span class='ocr_line' id='line_1_32' title="bbox 312 3683 1527 3774; baseline -0.007 -22"><span class='ocrx_word' id='word_1_268' title='bbox 312 3695 452 3754; x_wconf 89' lang='lat' dir='ltr'>aetatem</span> <span class='ocrx_word' id='word_1_269' title='bbox 481 3688 589 3770; x_wconf 84' lang='lat' dir='ltr'>inisse,</span> <span class='ocrx_word' id='word_1_270' title='bbox 620 3691 676 3774; x_wconf 90' lang='lat' dir='ltr'>qui</span> <span class='ocrx_word' id='word_1_271' title='bbox 707 3698 872 3756; x_wconf 89' lang='lat' dir='ltr'>oratorum</span> <span class='ocrx_word' id='word_1_272' title='bbox 900 3691 1088 3756; x_wconf 88' lang='lat' dir='ltr'>Atticorum</span> <span class='ocrx_word' id='word_1_273' title='bbox 1117 3707 1255 3754; x_wconf 88' lang='lat' dir='ltr'>canones</span> <span class='ocrx_word' id='word_1_274' title='bbox 1286 3683 1527 3750; x_wconf 88' lang='lat' dir='ltr'>constituerent.</span> 
     </span>
     <span class='ocr_line' id='line_1_33' title="bbox 313 3786 1529 3879; baseline -0.006 -23"><span class='ocrx_word' id='word_1_275' title='bbox 313 3793 400 3856; x_wconf 87' lang='lat' dir='ltr'>hunc</span> <span class='ocrx_word' id='word_1_276' title='bbox 422 3793 462 3857; x_wconf 90' lang='lat' dir='ltr'>de</span> <span class='ocrx_word' id='word_1_277' title='bbox 489 3815 553 3876; x_wconf 90' lang='lat' dir='ltr'>quo</span> <span class='ocrx_word' id='word_1_278' title='bbox 576 3795 683 3878; x_wconf 84' lang='lat' dir='ltr'>agitur</span> <span class='ocrx_word' id='word_1_279' title='bbox 712 3815 866 3860; x_wconf 88' lang='lat' dir='ltr'>canonem</span> <span class='ocrx_word' id='word_1_280' title='bbox 894 3813 1092 3879; x_wconf 89' lang='lat' dir='ltr'>quamquam</span> <span class='ocrx_word' id='word_1_281' title='bbox 1116 3791 1274 3874; x_wconf 87' lang='lat' dir='ltr'>Dionysio</span> <span class='ocrx_word' id='word_1_282' title='bbox 1304 3793 1403 3872; x_wconf 90' lang='lat' dir='ltr'>atque</span> <span class='ocrx_word' id='word_1_283' title='bbox 1431 3786 1529 3852; x_wconf 87' lang='lat' dir='ltr'>etiam</span> 
     </span>
     <span class='ocr_line' id='line_1_34' title="bbox 315 3888 1528 3980; baseline -0.008 -18"><span class='ocrx_word' id='word_1_284' title='bbox 315 3896 464 3962; x_wconf 91' lang='lat' dir='ltr'>Ciceroni</span> <span class='ocrx_word' id='word_1_285' title='bbox 486 3897 618 3980; x_wconf 90' lang='lat' dir='ltr'>eiusque</span> <span class='ocrx_word' id='word_1_286' title='bbox 641 3899 768 3964; x_wconf 90' lang='lat' dir='ltr'>auctori</span> <span class='ocrx_word' id='word_1_287' title='bbox 783 3908 896 3964; x_wconf 91' lang='lat' dir='ltr'>notum</span> <span class='ocrx_word' id='word_1_288' title='bbox 910 3897 1008 3963; x_wconf 84' lang='lat' dir='ltr'>fuisse</span> <span class='ocrx_word' id='word_1_289' title='bbox 1023 3896 1089 3960; x_wconf 82' lang='lat' dir='ltr'>veri</span> <span class='ocrx_word' id='word_1_290' title='bbox 1106 3900 1155 3959; x_wconf 91' lang='lat' dir='ltr'>est</span> <span class='ocrx_word' id='word_1_291' title='bbox 1169 3893 1376 3971; x_wconf 91' lang='lat' dir='ltr'>simillimum,</span> <span class='ocrx_word' id='word_1_292' title='bbox 1399 3888 1528 3955; x_wconf 91' lang='lat' dir='ltr'>disertis</span> 
     </span>
     <span class='ocr_line' id='line_1_35' title="bbox 314 3993 1526 4084; baseline -0.007 -20"><span class='ocrx_word' id='word_1_293' title='bbox 314 4001 421 4065; x_wconf 83' lang='lat' dir='ltr'>verbis</span> <span class='ocrx_word' id='word_1_294' title='bbox 443 4004 565 4083; x_wconf 90' lang='lat' dir='ltr'>primus</span> <span class='ocrx_word' id='word_1_295' title='bbox 588 4009 818 4068; x_wconf 88' lang='lat' dir='ltr'>commemorat</span> <span class='ocrx_word' id='word_1_296' title='bbox 834 4001 1002 4068; x_wconf 89' lang='lat' dir='ltr'>Caecilius.</span> <span class='ocrx_word' id='word_1_297' title='bbox 1046 4000 1158 4084; x_wconf 88' lang='lat' dir='ltr'>itaque</span> <span class='ocrx_word' id='word_1_298' title='bbox 1181 4001 1238 4062; x_wconf 89' lang='lat' dir='ltr'>ant</span> <span class='ocrx_word' id='word_1_299' title='bbox 1259 4018 1317 4061; x_wconf 91' lang='lat' dir='ltr'>nos</span> <span class='ocrx_word' id='word_1_300' title='bbox 1340 3993 1526 4071; x_wconf 72' lang='lat' dir='ltr'>erravimus</span> 
     </span>
     <span class='ocr_line' id='line_1_36' title="bbox 316 4092 1529 4196; baseline -0.018 -17"><span class='ocrx_word' id='word_1_301' title='bbox 316 4126 389 4178; x_wconf 73' lang='lat' dir='ltr'>cum</span> <span class='ocrx_word' id='word_1_302' title='bbox 415 4112 470 4196; x_wconf 90' lang='lat' dir='ltr'>qui</span> <span class='ocrx_word' id='word_1_303' title='bbox 499 4111 574 4196; x_wconf 88' lang='lat' dir='ltr'>ante</span> <span class='ocrx_word' id='word_1_304' title='bbox 595 4105 725 4170; x_wconf 85' lang='lat' dir='ltr'>fuerant</span> <span class='ocrx_word' id='word_1_305' title='bbox 752 4109 916 4171; x_wconf 87' lang='lat' dir='ltr'>oratorum</span> <span class='ocrx_word' id='word_1_306' title='bbox 943 4125 1081 4170; x_wconf 91' lang='lat' dir='ltr'>canones</span> <span class='ocrx_word' id='word_1_307' title='bbox 1110 4102 1191 4167; x_wconf 88' lang='lat' dir='ltr'>nihil</span> <span class='ocrx_word' id='word_1_308' title='bbox 1212 4119 1285 4164; x_wconf 89' lang='lat' dir='ltr'>cum</span> <span class='ocrx_word' id='word_1_309' title='bbox 1314 4098 1375 4162; x_wconf 91' lang='lat' dir='ltr'>hoc</span> <span class='ocrx_word' id='word_1_310' title='bbox 1397 4092 1529 4161; x_wconf 89' lang='lat' dir='ltr'>Caecilii</span> 
     </span>
     <span class='ocr_line' id='line_1_37' title="bbox 317 4197 1528 4289; baseline -0.019 -6"><span class='ocrx_word' id='word_1_311' title='bbox 317 4238 438 4283; x_wconf 85' lang='lat' dir='ltr'>canone</span> <span class='ocrx_word' id='word_1_312' title='bbox 468 4211 612 4280; x_wconf 90' lang='lat' dir='ltr'>habeant</span> <span class='ocrx_word' id='word_1_313' title='bbox 642 4230 819 4289; x_wconf 89' lang='lat' dir='ltr'>commune,</span> <span class='ocrx_word' id='word_1_314' title='bbox 854 4216 912 4275; x_wconf 88' lang='lat' dir='ltr'>aut</span> <span class='ocrx_word' id='word_1_315' title='bbox 933 4205 1093 4276; x_wconf 88' lang='lat' dir='ltr'>Caecilius</span> <span class='ocrx_word' id='word_1_316' title='bbox 1127 4223 1283 4271; x_wconf 88' lang='lat' dir='ltr'>canonem</span> <span class='ocrx_word' id='word_1_317' title='bbox 1311 4200 1443 4282; x_wconf 90' lang='lat' dir='ltr'>recepit,</span> <span class='ocrx_word' id='word_1_318' title='bbox 1476 4197 1528 4280; x_wconf 91' lang='lat' dir='ltr'>qui</span> 
     </span>
     <span class='ocr_line' id='line_1_38' title="bbox 316 4299 1528 4387; baseline -0.018 -1"><span class='ocrx_word' id='word_1_319' title='bbox 316 4323 381 4387; x_wconf 85' lang='lat' dir='ltr'>iam</span> <span class='ocrx_word' id='word_1_320' title='bbox 403 4325 499 4384; x_wconf 90' lang='lat' dir='ltr'>antea</span> <span class='ocrx_word' id='word_1_321' title='bbox 521 4316 714 4381; x_wconf 89' lang='lat' dir='ltr'>constitutus</span> <span class='ocrx_word' id='word_1_322' title='bbox 735 4313 901 4379; x_wconf 86' lang='lat' dir='ltr'>rhetorum</span> <span class='ocrx_word' id='word_1_323' title='bbox 922 4320 954 4381; x_wconf 89' lang='lat' dir='ltr'>et</span> <span class='ocrx_word' id='word_1_324' title='bbox 977 4316 1142 4380; x_wconf 89' lang='lat' dir='ltr'>oratorum</span> <span class='ocrx_word' id='word_1_325' title='bbox 1164 4305 1272 4372; x_wconf 92' lang='lat' dir='ltr'>studia</span> <span class='ocrx_word' id='word_1_326' title='bbox 1293 4304 1434 4369; x_wconf 90' lang='lat' dir='ltr'>tenebat.</span> <span class='ocrx_word' id='word_1_327' title='bbox 1479 4299 1528 4380; x_wconf 91' lang='lat' dir='ltr'>,ab</span> 
     </span>
     <span class='ocr_line' id='line_1_39' title="bbox 319 4405 1530 4502; baseline -0.02 -12"><span class='ocrx_word' id='word_1_328' title='bbox 319 4426 430 4491; x_wconf 87' lang='lat' dir='ltr'>eodem</span> <span class='ocrx_word' id='word_1_329' title='bbox 459 4421 602 4488; x_wconf 88' lang='lat' dir='ltr'>Caeciho</span> <span class='ocrx_word' id='word_1_330' title='bbox 631 4426 730 4502; x_wconf 87' lang='lat' dir='ltr'>atque</span> <span class='ocrx_word' id='word_1_331' title='bbox 758 4438 795 4482; x_wconf 91' lang='lat' dir='ltr'>eo</span> <span class='ocrx_word' id='word_1_332' title='bbox 817 4417 888 4500; x_wconf 88' lang='lat' dir='ltr'>ipso</span> <span class='ocrx_word' id='word_1_333' title='bbox 916 4417 1009 4496; x_wconf 90' lang='lat' dir='ltr'>libro,</span> <span class='ocrx_word' id='word_1_334' title='bbox 1038 4433 1133 4498; x_wconf 89' lang='lat' dir='ltr'>quem</span> <span class='ocrx_word' id='word_1_335' title='bbox 1160 4411 1188 4476; x_wconf 88' lang='lat' dir='ltr'>is</span> <span class='ocrx_word' id='word_1_336' title='bbox 1219 4409 1259 4474; x_wconf 91' lang='lat' dir='ltr'>de</span> <span class='ocrx_word' id='word_1_337' title='bbox 1285 4407 1393 4472; x_wconf 90' lang='lat' dir='ltr'>indole</span> <span class='ocrx_word' id='word_1_338' title='bbox 1422 4405 1530 4471; x_wconf 86' lang='lat' dir='ltr'>decem</span> 
     </span>
     <span class='ocr_line' id='line_1_40' title="bbox 321 4509 1527 4610; baseline -0.022 -15"><span class='ocrx_word' id='word_1_339' title='bbox 321 4537 485 4594; x_wconf 86' lang='lat' dir='ltr'>oratorum</span> <span class='ocrx_word' id='word_1_340' title='bbox 518 4526 661 4610; x_wconf 86' lang='lat' dir='ltr'>scripsit,</span> <span class='ocrx_word' id='word_1_341' title='bbox 696 4543 765 4588; x_wconf 88' lang='lat' dir='ltr'>rem</span> <span class='ocrx_word' id='word_1_342' title='bbox 797 4521 937 4604; x_wconf 88' lang='lat' dir='ltr'>primum</span> <span class='ocrx_word' id='word_1_343' title='bbox 962 4524 1084 4584; x_wconf 90' lang='lat' dir='ltr'>motam</span> <span class='ocrx_word' id='word_1_344' title='bbox 1113 4520 1145 4579; x_wconf 93' lang='lat' dir='ltr'>et</span> <span class='ocrx_word' id='word_1_345' title='bbox 1174 4513 1428 4578; x_wconf 87' lang='lat' dir='ltr'>demonstratam</span> <span class='ocrx_word' id='word_1_346' title='bbox 1451 4509 1527 4592; x_wconf 85' lang='lat' dir='ltr'>esse‘</span> 
     </span>
    </p>
   </div>
   <div class='ocr_carea' id='block_1_2' title="bbox 0 0 1709 5216">
    <p class='ocr_par' dir='ltr' id='par_1_3' title="bbox 0 0 1709 5216">
     <span class='ocr_line' id='line_1_41' title="bbox 0 0 1709 5216; baseline 0 0"><span class='ocrx_word' id='word_1_347' title='bbox 0 0 1709 5216; x_wconf 95' lang='lat' dir='ltr'> </span> 
     </span>
    </p>
   </div>
  </div>
 </body>
</html>
