3362 5216
582 1561 586 1567 ·
695 1518 843 1628 Pars
880 1519 916 1627 Ι.

797 1745 824 1803 l.

415 1898 647 1989 Quaestionis
673 1900 825 1974 historia
852 1910 888 1972 ct
914 1899 1196 1974 fundamentum.

288 2079 585 2164 Circumspicienti,
615 2082 701 2145 unde
731 2061 961 2164 disputationis
984 2080 1151 2144 exordium
1174 2100 1314 2158 sumam,
1342 2080 1423 2144 haec

200 2183 279 2246 mihi
302 2183 472 2248 videbatur
495 2184 753 2248 commodissima
767 2185 862 2264 ratio⁷
885 2190 930 2263 ut,
954 2204 1018 2265 quo
1035 2182 1208 2246 dilucidius
1224 2183 1423 2264 quaestionis

200 2283 272 2348 finis
305 2287 534 2368 perspiciatur,
569 2287 748 2368 praemissa
778 2287 941 2350 succincta
972 2285 1172 2368 quaestionis
1203 2285 1355 2366 historia,
1389 2285 1423 2348 in

201 2388 307 2470 capite
338 2389 441 2470 primo
473 2387 685 2451 fundamenta
716 2410 850 2471 ponam,
886 2387 1004 2472 quibus
1038 2394 1109 2451 tota
1140 2387 1300 2450 innitatur
1330 2408 1423 2468 argu-

201 2491 372 2571 mentatio,
401 2492 513 2573 paucis
536 2489 758 2570 absoluturus,
788 2491 867 2574 quid
889 2491 931 2555 sit
953 2511 1056 2554 canon
1079 2510 1240 2572 quemque
1263 2489 1306 2552 ad
1326 2488 1423 2552 finem

200 2593 404 2657 constitutus.

286 2694 398 2776 Atque
434 2693 557 2775 primus
592 2693 757 2757 Ruhnken
766 2692 792 2779 1)
830 2693 914 2757 hanc
948 2694 1173 2775 quaestionem
1210 2691 1324 2771 morit,
1368 2692 1424 2772 qul

200 2797 349 2880 argutius
377 2816 476 2878 quam
505 2795 609 2858 verius
651 2802 688 2859 ut
717 2802 897 2860 ceterorum
931 2798 965 2860 in
995 2796 1141 2880 qualibet
1167 2799 1300 2878 praeter
1320 2793 1423 2876 philo-

200 2899 319 2982 sophos
342 2897 477 2962 scientia
500 2897 749 2980 praecipuorum
773 2899 927 2977 virorum,
954 2899 1002 2962 sic
1023 2903 1190 2963 oratorum
1214 2897 1359 2960 ordinem
1382 2895 1423 2962 ab
1484 2917 1487 2922 ·

200 2998 423 3080 Aristophane
453 3004 486 3062 et
511 2997 709 3063 Aristarcho
739 3001 958 3081 grammaticis
982 3000 1216 3064 Alexandrinis
1243 2999 1424 3063 confectum

201 3122 269 3165 esse
301 3101 482 3180 contendit3
516 3101 605 3170 curius
635 3103 828 3183 sententiae,
861 3123 961 3184 quam
991 3110 1174 3185 temporum
1208 3101 1421 3166 diuturnitate

202 3203 295 3285 quasi
325 3208 546 3266 consecratam
574 3204 682 3268 adhuc
704 3205 850 3288 plerique
873 3204 1127 3287 amplectuntur,
1158 3204 1328 3286 astipulati
1350 3208 1426 3266 sunt

203 3305 244 3370 (nl.
261 3303 412 3389 Heyne²)
428 3305 468 3368 F.
487 3304 530 3368 A.
543 3305 639 3369 Wolf
644 3305 670 3392 3)
690 3305 727 3369 F.
745 3306 912 3393 Schoew)
929 3313 1077 3390 exparte
1099 3307 1137 3372 F.
1157 3305 1199 3372 G.
1215 3305 1426 3392 Kiesslingq,

203 3405 319 3471 deinde
348 3406 404 3490 qui
434 3407 473 3472 dc
506 3407 713 3474 bibliothecis
743 3409 977 3474 Alexandrinis
1000 3410 1215 3491 scripserunt,
1244 3407 1391 3490 Parthcy
1399 3406 1426 3494 ⁶)

205 3598 407 3606 Ἣ

292 3730 314 3800 ¹)
330 3729 396 3784 hist.
425 3728 488 3781 crit.
523 3731 592 3783 orat.
617 3729 715 3783 Gracc.
752 3735 908 3798 praemissa
934 3729 1055 3799 editioni
1082 3729 1184 3784 Rutilii
1212 3747 1228 3782 a
1257 3729 1428 3786 Ruhnkenio

205 3831 339 3871 recensae
359 3821 388 3868 et
406 3831 423 3868 a
441 3814 611 3868 Frotschcro
629 3814 828 3882 locupletatae,
847 3814 925 3884 Lips.
947 3818 1011 3869 1841
1031 3834 1057 3884 p.
1077 3818 1111 3872 59
1130 3835 1189 3886 sqq.

293 3901 369 3971 ²)de
387 3901 470 3970 genio
492 3917 562 3954 saec.
581 3899 663 3966 Ptol,
683 3900 784 3968 Opusc.
803 3901 819 3954 1
839 3903 896 3954 102.
980 3944 983 3950 .

292 3987 314 4056 ³)
331 3987 458 4057 prolegg.
480 3986 518 4039 ad
536 3986 620 4040 Hom.
640 4004 667 4054 p.
686 3985 759 4038 CXC
778 3986 825 4056 (cf.
844 4005 872 4055 p.
891 3986 1069 4056 CCLVIII);
1088 3987 1204 4055 Encycl.
1224 3987 1249 4040 d.
1269 3987 1329 4041 Alt.
1343 3989 1430 4043 Wiss.

206 4075 250 4129 ed.
273 4073 415 4139 Guertler‚
438 4072 516 4141 Lips.
543 4073 607 4125 1831
631 4089 659 4140 p.
684 4073 727 4138 195
751 4071 938 4143 Darstcllung
960 4073 986 4126 d.
1009 4075 1068 4127 Alt.
1089 4073 1174 4127 Wiss.
1198 4074 1241 4127 ed.
1264 4073 1428 4142 Hoffmann,

206 4161 283 4229 Lips.
304 4160 371 4212 1833
390 4176 417 4227 p.
437 4160 477 4211 13.

292 4245 317 4314 ⁴)
334 4243 412 4298 Gne
430 4243 462 4297 H
481 4245 530 4298 107
550 4260 611 4311 sqq.
632 4243 675 4297 ed.
693 4243 807 4299 Pinder.

295 4331 317 4400 ὁ)
336 4331 371 4384 de
380 4329 528 4398 Hyperide
549 4334 619 4384 orat.
641 4333 703 4384 Att.
723 4328 1024 4398 comment.1(prael.
1044 4328 1079 4381 ad
1099 4328 1166 4382 edit.
1179 4327 1300 4398 Lycurg.
1322 4329 1432 4399 fragm„

208 4417 273 4472 Hal.
292 4419 359 4470 1847
377 4435 405 4488 p.
425 4417 474 4470 129
494 4420 575 4485 sqq).

295 4501 319 4572 θ)
337 4503 387 4556 das
405 4505 476 4557 alex.
494 4502 631 4570 Museum,
650 4503 744 4556 Berol.
765 4503 833 4555 1838
850 4519 878 4572 p.
898 4503 948 4555 122
966 4517 1026 4570 sqq.

1233 4600 1270 4655 l*
