3362 5216
776 260 815 332 la

179 462 434 555 Aristophanes,
465 465 612 538 Philetas
644 471 745 555 Cous,
774 473 922 541 Rhianue
953 467 1131 556 Cretensis,
1161 468 1397 541 Eratosthenes

179 574 391 659 Cyrenaicae,
435 575 631 659 Apollonius
672 577 835 654 Rhodius,
887 579 952 642 iam
1007 584 1179 663 poetarum
1221 578 1395 661 plurimum

178 681 314 745 interest
348 678 512 767 μιμήσεως
545 683 650 764 gratia
678 689 792 765 poetas
821 682 884 746 sibi
920 683 953 746 in
991 681 1173 763 exemplum
1206 703 1397 764 proponere,

178 782 335 865 singulari
363 783 470 847 studio
498 805 609 849 eorum
632 805 731 868 opera
752 785 904 867 amplecti
926 784 969 849 ad
990 784 1227 868 cognoscendas
1251 805 1324 848 cum
1346 807 1397 849 res

177 883 370 968 fabulasque
392 890 462 949 tum
482 885 656 951 dictionem
677 889 848 970 poeticam,
872 907 1061 970 comparare
1082 887 1168 952 inter
1190 907 1223 950 se
1245 891 1278 951 et
1300 908 1399 970 opera

178 994 211 1052 et
238 988 435 1072 auctores,¹)
463 1009 583 1070 paucos
610 988 749 1072 denique
775 1012 792 1055 e
822 1010 954 1054 numero
982 997 1151 1073 poetarum
1174 997 1398 1054 secernerent

178 1091 359 1155 imitatione
397 1092 428 1155 in
467 1092 578 1174 primis
612 1092 736 1174 dignos.
781 1094 893 1175 itaque
923 1112 981 1174 per
1008 1112 1042 1156 se
1072 1099 1323 1156 consentaneum
1349 1099 1398 1157 est

178 1192 399 1258 Alexandriae
436 1200 608 1276 poetarum
645 1216 784 1259 canones
820 1216 889 1259 esse
934 1195 1137 1259 constitutos.
1169 1231 1208 1240 -
1243 1200 1278 1259 at
1323 1216 1398 1260 vero

177 1295 263 1360 unde
312 1297 507 1379 scriptorum
557 1297 756 1379 pedestrium
808 1319 946 1363 canones
994 1318 1048 1362 eos
1094 1296 1269 1360 confecisse
1314 1317 1397 1360 corn·

177 1396 318 1481 probes?
363 1399 538 1482 Dionysius
565 1399 695 1481 quidem
717 1398 829 1464 Thrax
857 1406 919 1464 art.
942 1421 1077 1483 gramm.
1100 1399 1138 1462 II
1159 1421 1191 1480 p.
1215 1403 1277 1462 619
1301 1398 1397 1480 Bkk,

178 1521 251 1565 cum
284 1507 408 1566 sextam
441 1523 576 1585 eamque
607 1503 745 1566 maxime
770 1503 979 1587 praecipuam
1010 1501 1241 1583 grammaticae
1270 1507 1397 1584 partem

175 1599 280 1688 κρίσιν
314 1601 506 1690 ποιημάτων
533 1611 717 1683 enumerat,
752 1605 876 1668 omissis
910 1601 1134 1688 συγγράμμασι
1162 1603 1281 1667 diserte
1323 1625 1397 1686 pro·

178 1706 306 1770 nuntiat
328 1703 433 1790 κρίσιν
448 1708 480 1770 in
496 1707 663 1790 pedestres
685 1707 858 1790 scriptores
881 1726 945 1770 non
966 1705 1140 1770 contulisse
1157 1706 1397 1771 Alexandrinos

178 1809 415 1888 grammaticos⁴
450 1808 533 1873 adde
550 1809 638 1891 quod
653 1809 705 1888 ,ab
721 1807 906 1872 erudiendis
921 1808 1088 1871 iuvenibus
1105 1808 1258 1871 orationis
1274 1808 1399 1872 solutae

178 1910 349 1992 scriptores
376 1911 445 1974 sine
472 1910 570 1976 dubio
597 1911 803 1976 arcebantur‘
833 1907 971 1995 (Steffen
997 1911 1017 1973 l.
1041 1910 1062 1973 l.
1085 1931 1117 1992 p.
1140 1910 1207 1994 46).
1250 1911 1315 1974 iam
1337 1911 1399 1974 etsi

177 2017 269 2076 extra
294 2011 422 2076 scholas
449 2013 689 2079 Alexandrirrcs
715 2034 787 2077 cum
812 2013 1025 2095 scriptoribus
1052 2011 1259 2095 pedestribus
1281 2011 1398 2076 famili-

176 2113 327 2178 aritatem
350 2117 547 2180 contraxisse
569 2116 778 2180 libentissime
799 2115 966 2197 largimur,
989 2135 1062 2179 cum
1085 2121 1212 2179 constet
1225 2114 1324 2178 fuisse
1341 2115 1397 2197 qui

175 2214 384 2298 philosophos
408 2219 578 2282 historicos
600 2218 742 2282 medicos
765 2223 947 2300 geometras
969 2218 1049 2282 alios
1072 2218 1104 2282 in
1120 2239 1215 2282 usum
1231 2225 1394 2297 vocarent,

178 2318 334 2382 miramur
361 2324 486 2398 tamen,
522 2321 609 2403 quod
641 2322 674 2384 in
706 2320 889 2384 oratoribus
918 2319 1064 2402 legendis
1095 2327 1128 2384 et
1158 2319 1398 2402 pertractandis

177 2421 381 2499 grammatici
396 2424 569 2504 praecipue
582 2422 723 2505 Didymo
739 2423 863 2505 priores
879 2423 1042 2489 minimam
1057 2429 1236 2504 posuerunt
1249 2443 1396 2504 operam,

178 2523 294 2603 quanti
316 2525 454 2606 quisque
477 2531 589 2590 orator
612 2527 653 2588 sit
676 2524 910 2605 aestimandae,
940 2545 1024 2608 quae
1053 2526 1086 2589 in
1109 2544 1238 2607 quoque
1260 2525 1396 2588 virtutes

176 2622 374 2706 laudandae,
397 2633 471 2691 uter
492 2628 586 2691 alteri
608 2627 857 2709 praeferendus,
882 2627 955 2710 quis
975 2627 1155 2691 imitatione
1178 2626 1396 2708 dignissimus

175 2726 339 2807 inquirere
362 2749 402 2791 nc
417 2730 639 2810 cogitaverunt
654 2729 786 2812 quidem
801 2729 1019 2794 Alexandrini
1034 2729 1089 2814 (cf.
1107 2730 1213 2809 Blass,
1230 2727 1294 2795 GrB
1308 2733 1395 2814 206).

176 2827 327 2892 nimirum
357 2829 419 2894 hoc
445 2830 590 2912 profecto
618 2832 822 2914 eloquentiae
851 2831 1070 2896 studiosorum
1099 2838 1132 2896 et
1158 2832 1324 2897 rhetorum
1347 2837 1396 2896 est

176 2929 326 2994 officium.
365 2938 400 2996 at
421 2931 544 2996 frustra
561 2933 781 2998 Alexandriae
804 2942 952 3000 oratores
975 2941 1007 2998 et
1029 2935 1175 2999 rhetores
1191 2935 1396 3017 quaesiveris.

175 3033 296 3098 citatur
319 3034 449 3118 quidem
471 3056 491 3100 a
506 3037 643 3120 Polybio
660 3037 827 3104 XXVIII
845 3040 883 3100 19
900 3035 980 3122 (16),
1003 3043 1022 3100 6
1038 3037 1248 3101 Ptolomaeus
1263 3036 1398 3121 quidam

174 3133 285 3222 ῥήτωρ,
316 3138 372 3220 qui
399 3138 440 3202 ad
463 3138 665 3204 Antiochum
692 3139 899 3222 Epiphanem
923 3161 952 3203 a.
984 3143 1044 3202 169
1066 3139 1194 3222 legatus
1215 3140 1398 3204 mittitura

175 3237 366 3305 Ptolomaeo
387 3242 573 3324 Physcone,
606 3244 654 3306 vir
675 3243 806 3307 aliunde
829 3241 1029 3323 incognitus,
1054 3261 1158 3323 neque
1182 3240 1315 3305 dubium
1338 3248 1396 3320 est,

176 3343 255 3424 quin
293 3345 386 3408 multi
424 3347 522 3409 etiam
559 3343 784 3409 Alexandriae
821 3343 942 3408 fuerint
978 3343 1079 3426 legati
1121 3344 1232 3427 aliqua
1269 3344 1397 3408 dicendi

173 3443 329 3510 facultate
356 3447 511 3529 praediti;
543 3446 761 3529 eloquentiam
789 3466 864 3509 vero
892 3446 959 3510 illic
989 3445 1137 3510 floruisse
1166 3467 1226 3512 nec
1254 3446 1397 3512 traditur

174 3568 233 3611 nec
263 3550 408 3613 conicere
436 3549 529 3628 licet,
561 3549 680 3613 etenim
711 3548 737 3611 si
765 3546 951 3630 eloquentia
977 3547 1140 3612 libertatis
1170 3555 1219 3613 est
1247 3549 1334 3614 socia
1364 3555 1397 3614 et

175 3651 268 3731 quasi
282 3650 414 3716 alumna
430 3651 591 3734 quaedam
609 3649 678 3734 (Pe.
694 3649 800 3732 Long.
818 3674 856 3713 π.
872 3647 932 3734 dur.
948 3672 979 3734 p.
997 3655 1037 3714 67
1054 3652 1150 3736 sqq),
1174 3650 1395 3716 Alexandriae

173 3841 375 3849 —--.——---

261 3974 282 4042 ¹)
301 3991 336 4028 ex
359 3976 535 4045 argumentis
562 3974 598 4028 ab
622 3971 815 4042 Aristophane
843 3972 872 4025 in
904 3972 1029 4042 tragicos
1054 3978 1153 4042 poetas
1180 3975 1318 4029 coniectis
1343 3977 1395 4031 hoc

89 4045 91 4052 ¹
171 4061 284 4130 cogitur
292 4061 467 4130 singulorum
478 4059 740 4129 poetaruml'abulas
751 4059 780 4110 in
791 4062 883 4110 certos
895 4058 1008 4112 ordines
1021 4066 1049 4112 et
1060 4061 1164 4113 classes
1173 4062 1304 4114 redactas
1317 4079 1391 4128 esse;

172 4147 207 4200 de
225 4147 317 4214 poetis
336 4148 404 4215 ipsis
423 4149 453 4200 in
471 4148 583 4200 ordines
602 4145 720 4214 digestis
735 4144 804 4196 nihil
818 4143 956 4209 traditur3
979 4149 1179 4212 comparantur
1192 4147 1305 4213 quidem
1318 4148 1394 4200 inter

172 4247 201 4286 se
220 4237 278 4286 tres
297 4233 340 4285 illi
359 4234 460 4302 tragici
478 4250 569 4300 neque
587 4236 696 4294 tamen,
715 4233 748 4281 ut
767 4229 802 4281 de
820 4229 854 4280 iis
872 4229 921 4280 1111
939 4229 1083 4294 iudicium,
1104 4232 1153 4284 sed
1172 4235 1203 4284 ut
1223 4233 1394 4299 inquiratur,

171 4335 237 4370 nuru
261 4319 337 4371 idem
362 4317 407 4370 vel
432 4319 531 4370 similia
555 4317 645 4386 μῦθος
666 4316 701 4368 ab
724 4331 779 4367 unc
803 4314 929 4366 alterove
953 4314 991 4367 sit
1010 4319 1160 4382 tractatus,
1186 4333 1295 4384 quaque
1314 4318 1344 4370 in
1363 4335 1393 4372 re

171 4405 248 4457 inter
270 4421 298 4456 se
322 4403 463 4456 differant.
499 4405 534 4456 cl.
553 4403 608 4456 Ad.
626 4399 873 4468 Trendelenburg‚
893 4402 1143 4469 grammaticorum
1162 4403 1336 4456 Graecorum
1355 4403 1390 4455 de

171 4495 233 4544 arte
251 4490 360 4560 tragica
377 4490 546 4544 iudiciorum
563 4489 710 4557 reliquiae,
727 4485 793 4539 diss.
814 4486 903 4540 Boun.
926 4488 1002 4540 1867.
