3362 5216
797 405 1000 416 —n-u—-a—

287 517 354 582 fere
377 518 485 582 omnia
505 518 733 600 impenderunt
753 521 875 603 studia,
898 523 946 586 ita
975 526 1148 605 poetarum
1174 520 1374 586 solummodo
1389 519 1513 586 iudices

287 642 307 682 a
330 619 532 703 Quintiliano
561 627 732 702 vocantur,
763 645 827 705 quo
854 631 936 689 teste
964 623 1127 706 epicorum
1156 643 1313 687 canonem
1342 624 1514 688 constituit

288 722 546 805 Aristophaneo,
570 724 733 807 epicorum
756 731 789 790 et
810 726 1115 809 iambographorum
1139 724 1354 790 Aristarchus
1382 724 1521 810 (Quint.-

286 825 324 888 X
349 831 377 908 l,
398 830 439 890 46
464 847 534 908 sqq.
558 831 609 890 54.
634 830 699 912 59).
745 829 881 894 ulterius
903 831 931 892 si
953 830 1026 912 quis
1049 849 1121 893 oum
1136 826 1332 892 Ruhnkenio
1355 826 1513 910 procedat

287 935 386 1010 atque
417 929 514 993 etiam
540 930 740 1014 pedestrium
774 931 967 1014 scriptorum
994 952 1134 997 oenones
1161 930 1203 996 ab
1232 930 1454 1014 Aristophane
1476 935 1521 1004 et,

286 1030 482 1096 Aristarcho
509 1032 703 1113 compositos
731 1054 800 1098 esse
828 1021 966 1115 statual,
996 1055 1056 1099 nec
1085 1034 1278 1116 scriptorum
1312 1033 1511 1098 auctoritate

286 1135 459 1216 quicquam
475 1135 605 1198 iuvatur
619 1155 679 1199 nee
693 1135 855 1218 probabili
870 1139 996 1202 ratione
1007 1137 1145 1202 ducitur.
1168 1136 1339 1218 scriptores
1351 1136 1437 1199 enim
1447 1135 1511 1199 hac

287 1235 327 1299 de
349 1257 385 1298 re
400 1236 480 1299 nihil
494 1257 629 1319 usquam
644 1238 789 1317 tradunt,
815 1239 903 1322 quod
916 1244 1152 1323 argumentum,
1176 1237 1302 1302 etiamsi
1321 1258 1361 1302 ex
1382 1237 1511 1302 silentio

287 1343 337 1402 est
365 1345 538 1422 sumptum,
569 1340 622 1403 hic
648 1340 735 1404 valet
757 1341 896 1423 aliquid,
926 1343 981 1407 ubi
1010 1348 1133 1425 quanta
1161 1341 1283 1424 pietate
1312 1341 1510 1422 posteriores

288 1441 393 1505 critici
416 1447 448 1505 et
470 1444 671 1524 grammatici
687 1443 921 1526 Aristophanis
945 1450 977 1509 et
991 1444 1177 1509 Aristarchi
1197 1442 1319 1508 iudicia
1341 1441 1511 1525 coluerint,

286 1543 452 1607 nobiscum
477 1545 786 1632 reputaverimus31)
809 1547 982 1611 manifesta
1004 1569 1079 1611 vero
1102 1547 1255 1629 vestigia,
1279 1545 1396 1628 quibus
1420 1545 1511 1610 ducti

286 1646 319 1708 in
362 1645 549 1710 Ruhnkenii
594 1649 789 1712 sententiam
835 1649 1003 1730 abeamus,
1053 1650 1179 1713 desunt.
1243 1647 1511 1731 philosophorum

287 1748 417 1829 quidem
461 1769 618 1813 canonem
660 1751 729 1833 ipse
765 1751 929 1818 Ruhnken
968 1773 1034 1815 non
1071 1751 1170 1830 eruit,
1206 1750 1433 1814 historicorum
1470 1771 1511 1812 ex

287 1850 393 1915 dubiis
427 1850 573 1915 frustulis
607 1851 774 1934 confinxit,
812 1877 895 1919 unus
927 1860 1035 1918 exstat
1074 1859 1240 1918 oratorum
1277 1873 1379 1917 canon
1416 1853 1510 1935 isque

287 1953 356 2018 sine
384 1954 482 2017 dubio
516 1954 557 2018 ab
587 1955 821 2039 Aristophanis
855 1962 888 2022 et
923 1957 1109 2022 Aristarchi
1136 1956 1252 2020 studiis
1285 1955 1509 2020 alienissimus.

286 2076 361 2118 nam
390 2056 604 2122 Aristarchus
637 2058 761 2123 nullum
794 2081 936 2142 unquam
966 2061 1157 2141 scriptorem
1190 2059 1371 2141 pedestrem
1405 2078 1511 2122 emen·

287 2156 430 2222 dandum
461 2166 494 2224 et
519 2161 801 2243 interpretandum
831 2163 1009 2245 suscepisse
1038 2162 1172 2240 dicitur3
1201 2166 1233 2224 ct
1259 2159 1509 2243 Aristophaneo,

287 2261 346 2324 etsi
368 2282 432 2326 non
455 2261 612 2327 abstinuit
635 2284 654 2326 a
677 2264 888 2346 scriptoribus
911 2263 1134 2347 pedestribus,
1163 2269 1329 2328 oratorum
1357 2262 1509 2341 studium,

286 2369 443 2444 quantum
465 2365 592 2446 scimus,
616 2365 799 2452 neglexit.²)

373 2465 467 2549 Quae
500 2489 572 2532 cum
604 2469 653 2532 ita
687 2469 769 2548 sint,
804 2489 884 2551 quos
922 2468 1026 2532 voluit
1056 2465 1220 2531 Ruhnken
1258 2465 1509 2546 Alexandrinos,

287 2575 434 2634 auctores
458 2561 591 2634 canonis
607 2592 671 2634 non
692 2571 837 2650 luerunt;
860 2576 935 2654 post
950 2570 1137 2634 Aristarchi
1159 2589 1235 2632 vero
1259 2575 1401 2633 aetatem
1416 2590 1510 2633 nemo

284 2679 413 2754 praeter
457 2673 633 2755 Didymum
676 2675 837 2756 reperitur
874 2673 1104 2756 grammaticus
1146 2670 1408 2752 Alexandrinus,
1452 2673 1510 2753 qui

286 2776 450 2856 quandam
477 2775 538 2838 sibi
560 2775 715 2859 deposcat
737 2776 968 2840 auctoritatem
990 2776 1023 2838 in
1046 2775 1109 2838 hac
1132 2774 1322 2855 quaestione
1345 2773 1508 2853 solvenda,

286 2899 390 2958 neque
425 2885 527 2958 erant,
562 2879 617 2960 qui
649 2876 710 2942 hoc
745 2879 982 2943 adseverarent.
1043 2875 1221 2958 Didymum
1254 2884 1363 2941 autem
1394 2878 1509 2961 ipsum,

286 2980 375 3044 cuius
398 2987 489 3045 aetas
512 2979 579 3044 fere
601 2981 687 3044 inter
709 3001 738 3043 a.
762 2985 803 3044 80
827 2987 859 3046 et
875 2978 952 3050 Chr.
975 2987 1041 3043 nat.
1064 2978 1282 3065 includitur,³)
1306 2981 1511 3045 constituisse

289 3101 444 3146 canonem
469 3083 707 3147 contenderunt
731 3083 860 3166 Hampe
882 3081 904 3146 l.
927 3082 948 3145 l.
972 3103 1002 3164 p.
1029 3085 1067 3144 15
1091 3101 1161 3163 sqq.
1185 3087 1217 3145 et
1232 3081 1432 3147 Ballheimer
1451 3083 1472 3146 l.
1488 3081 1509 3147 l.

286 3205 317 3265 p.
342 3189 381 3247 32
405 3206 451 3266 sq.
476 3207 506 3248 n.
533 3185 591 3271 1.4)
635 3185 766 3267 Hampe
796 3191 969 3267 postquam
997 3183 1112 3248 Meieri
1141 3183 1181 3246 de
1205 3183 1349 3251 Caecilio
1380 3185 1512 3248 canonis

287 3286 454 3351 inventore
471 3289 655 3370 opinionem
672 3287 884 3370 impugnavit,
907 3287 988 3350 haec
1003 3286 1070 3350 fere
1086 3286 1248 3367 adiungit:
1275 3285 1373 3350 fuisse
1389 3285 1512 3365 eadem,

287 3409 352 3470 qua
375 3388 564 3470 Caecilium,
589 3395 698 3454 aetate
721 3389 899 3473 Didymum
915 3387 1165 3455 Chalcenterum
1183 3386 1441 3468 Aristarcheum,
1458 3387 1514 3470 qui

287 3492 451 3574 ingentem
485 3492 641 3557 librorum
677 3491 795 3555 molem
826 3490 1049 3556 Alexandriae
1083 3497 1244 3556 servatam
1277 3492 1514 3574 percensuisset

376 3713 398 3780 ¹)
417 3731 451 3767 ex
469 3709 670 3778 Aristophanis
690 3710 830 3763 sententia
848 3710 894 3763 Ps.
918 3711 1008 3780 Long.
1033 3731 1062 3765 π.
1081 3709 1127 3783 tp.
1154 3729 1180 3782 p.
1202 3715 1233 3766 19
1257 3710 1377 3767 Hesiodi
1403 3713 1514 3764 scutum

288 3803 316 3852 et
335 3798 432 3866 Quint.
456 3799 472 3852 1
497 3798 521 3860 l,
542 3797 573 3848 15
598 3795 722 3849 eiusdem
745 3793 895 3865 hendricus,
921 3813 1089 3864 quamquam
1112 3797 1228 3850 fuerunt
1251 3799 1300 3851 alii
1324 3797 1372 3866 qui
1393 3796 1515 3866 genuine

286 3883 355 3936 haec
376 3883 481 3952 scripta
500 3899 559 3934 esse
579 3882 792 3946 contenderent,
811 3882 939 3936 Hesiodo
958 3882 1201 3938 abiudicaveruut.

371 3968 395 4037 ⁹)
416 3971 445 4022 in
469 3969 551 4022 libris
574 3966 722 4041 apheresis
744 3967 919 4038 Καλλιμάχου
937 3976 1060 4035 πίνακας,
1086 3987 1156 4037 quos
1181 3971 1244 4038 quis
1264 3971 1338 4023 solos
1357 3972 1386 4021 in
1405 3969 1514 4038 discep-

284 4057 422 4109 tationem
454 4059 549 4120 vocet,
578 4054 730 4107 admodum
758 4057 802 4106 est
830 4055 958 4120 dubium,
992 4072 1059 4107 num
1087 4059 1233 4108 oratorum
1266 4072 1378 4124 quoque
1405 4054 1514 4108 tabulas

285 4141 478 4196 emendaverit
504 4141 717 4208 Aristophanes,
744 4157 806 4192 curn
836 4157 884 4193 eae
907 4157 923 4192 e
947 4141 1117 4194 Callimacho
1142 4158 1255 4212 semper
1279 4145 1307 4196 et
1331 4140 1514 4210 Pergamenis

286 4232 452 4296 repetantur
471 4227 572 4296 (Blass,
592 4227 642 4280 eB
661 4228 756 4280 20311.
777 4229 809 4296 1).
1468 4243 1470 4250 ·

376 4313 398 4383 ³)
420 4315 454 4367 u:
472 4313 504 4367 a.
524 4311 633 4376 conoe,
651 4312 756 4366 rasis
775 4303 909 4367 xxxin
928 4331 954 4381 p.
975 4315 1024 4366 179
1043 4331 1068 4364 n.
1090 4314 1112 4366 1.

373 4401 397 4469 ⁴)
415 4401 471 4453 iam
490 4399 587 4464 lleier,
606 4399 716 4453 Andoc.
738 4397 780 4452 IV
806 4419 832 4468 p.
854 4401 884 4452 ll
906 4423 936 4446 =
957 4398 1179 4467 Opusc.1136;
1198 4399 1288 4467 praef.
1308 4401 1343 4452 nd
1365 4399 1513 4454 Demosth.

285 4486 350 4539 llid.
371 4487 414 4540 ed.
433 4485 499 4539 Hal.
520 4488 585 4540 1831
605 4503 632 4554 p.
650 4484 707 4538 XV
734 4485 858 4553 Didymo
884 4501 1020 4538 canonem
1043 4487 1142 4537 notum
1166 4485 1252 4538 fuisse
1277 4487 1399 4540 coniecit
1423 4503 1515 4552 neque

283 4577 379 4624 tamen
393 4589 426 4627 eo
439 4573 588 4640 processit,
602 4575 635 4624 ut
647 4571 801 4638 Didymum
815 4571 909 4640 ipsum
923 4569 1038 4625 decadis
1051 4569 1230 4624 inventorem
1243 4571 1330 4625 fuisse
1343 4571 1514 4627 adfirmaret.
