3362 5216
780 294 821 355 69

196 513 264 558 sese
297 495 481 574 extulerint,
516 495 663 578 pluribus
697 495 863 578 disseruit,
891 495 988 561 simul
1019 493 1156 559 tradidit
1189 499 1222 559 et
1253 496 1415 579 pictorum

197 602 228 661 et
249 599 482 685 matuariorum
506 599 660 664 decadem
682 598 774 685 (XII
798 605 847 680 10,
872 604 890 664 3
913 598 998 685 sqq.)
1009 597 1050 683 ¹):

282 699 331 786 (3)
355 702 470 784 ,primi
492 723 629 783 quorum
649 702 779 785 quidem
803 724 903 787 opera
925 723 989 766 non
1005 701 1176 766 vetustatis
1192 699 1288 765 modo
1304 700 1412 782 gratia

194 803 326 868 visenda
355 803 434 884 sint,
473 805 554 868 clari
586 805 727 888 pictores
759 803 858 871 fuisse
891 805 1044 870 dicuntur
1075 803 1277 888 Polygnotus
1310 809 1410 887 atque

194 905 404 991 Aglaophon,
444 929 582 990 quorum
616 909 753 993 simplex
790 908 879 974 color
913 915 983 974 tam
1019 908 1069 972 sui
1106 907 1268 972 studiosos
1305 907 1414 972 adhuc

195 1009 313 1091 babet,
341 1016 379 1076 ut
399 1010 458 1074 illa
479 1033 581 1095 prope
601 1013 697 1078 rudia
718 1034 757 1078 ac
778 1013 867 1077 velut
888 1011 1017 1077 futurae
1037 1031 1112 1076 mox
1134 1011 1214 1076 artis
1234 1010 1415 1095 primordia

194 1113 351 1193 maximis,
375 1114 431 1197 qui
453 1120 528 1199 post
551 1136 604 1180 eos
626 1115 828 1195 exstiterunt,
852 1115 1039 1181 auctoribus
1061 1114 1257 1197 praeferant,
1280 1112 1413 1197 proprio

193 1215 333 1298 quodam
369 1215 591 1301 intellegendi,
628 1224 666 1284 ut
702 1239 774 1284 mea
811 1219 921 1302 opinio
952 1217 1029 1298 fert,
1067 1218 1202 1284 ambitu.
1256 1218 1306 1304 (4)
1339 1223 1414 1301 post

193 1319 314 1384 Zeuxis
341 1326 439 1404 atque
472 1319 669 1386 Parrhasius
703 1343 768 1386 non
801 1323 939 1387 multum
971 1325 1079 1386 aetate
1112 1320 1290 1402 distantes,
1326 1322 1413 1386 circa

192 1419 430 1506 Peloponnesia
452 1425 547 1492 ambo
570 1432 718 1509 tempora
740 1425 831 1511 (nam
854 1445 926 1490 cum
941 1424 1122 1489 Parrhasio
1145 1445 1249 1490 sermo
1266 1425 1413 1491 Socratis

193 1526 281 1610 apud
295 1526 550 1612 Xenophontem
566 1527 743 1614 invenitur)
758 1529 933 1613 plurimum
949 1527 1013 1593 arti
1029 1525 1236 1592 addiderunt.
1274 1549 1413 1610 quorum

192 1630 280 1713 prior
308 1630 467 1696 luminum
497 1629 750 1715 umbrarumque
776 1633 936 1698 invenisse
964 1631 1139 1710 rationem,
1171 1630 1331 1711 secundas
1359 1652 1412 1696 ex·

192 1733 351 1798 aminasse
373 1731 524 1799 subtilius
543 1733 640 1800 linias
660 1735 811 1800 traditur.
857 1734 906 1820 (5)
928 1755 1005 1799 nam
1020 1733 1141 1798 Zeuxis
1164 1734 1237 1817 plus
1260 1732 1412 1798 membris

191 1835 335 1920 corporis
356 1836 455 1917 dedit,
479 1837 513 1902 id
535 1839 673 1922 amplius
695 1845 796 1924 atque
811 1838 980 1921 augustius
1003 1842 1095 1902 ratus
1117 1841 1225 1920 atque,
1246 1843 1283 1902 ut
1305 1837 1413 1902 existi·

190 1945 296 2020 mant,
325 1939 506 2006 Homerum
529 1946 673 2023 secutus,
702 1943 754 2007 oui
782 1941 983 2007 validissima
1011 1960 1160 2024 quaeque
1185 1939 1290 2008 forma
1313 1941 1412 2006 etiam

189 2042 223 2106 in
251 2041 377 2107 feminis
410 2043 528 2128 placet.
572 2046 626 2110 ille
655 2067 731 2112 vero
762 2046 810 2111 ita
842 2039 1093 2126 circumscripsit
1120 2045 1244 2123 omnia,
1275 2049 1312 2109 ut
1338 2065 1413 2109 eum

189 2144 436 2228 legumlatorem
457 2155 582 2229 vocent,
607 2150 685 2232 quia
708 2149 842 2215 deorum
865 2154 964 2229 atque
985 2147 1120 2213 heroum
1142 2146 1274 2232 effigies,
1298 2147 1411 2228 quales
1433 2208 1437 2216 ,

189 2248 230 2313 ab
253 2270 291 2314 eo
314 2255 391 2314 sunt
411 2250 570 2331 traditae,
593 2253 710 2333 ceteri,
734 2257 902 2334 tamquam
923 2252 971 2315 ita
992 2271 1121 2316 necesse
1144 2251 1196 2331 sit,
1220 2255 1409 2333 sequuntur.

189 2349 238 2439 (6)
271 2351 382 2418 floruit
424 2359 534 2419 antem
578 2358 664 2420 cirea
697 2354 887 2438 Philippum
922 2360 955 2420 et
991 2377 1095 2437 usque
1133 2355 1176 2420 ad
1213 2375 1412 2420 successores

189 2455 370 2520 Alexandri
395 2458 526 2542 pictura
547 2459 738 2542 praecipue,
768 2458 825 2523 sed
848 2457 983 2522 diversis
1007 2459 1190 2524 virtutibus.
1219 2479 1311 2522 nam
1334 2478 1412 2522 cura

189 2556 399 2641 Protogenes,
412 2559 538 2625 ratione
550 2560 743 2644 Pamphilus
760 2583 799 2627 ac
813 2561 1021 2641 Melanthius,
1038 2560 1196 2626 facilitate
1209 2561 1410 2644 Antiphilus

188 2662 403 2745 concipiendis
436 2663 628 2745 visionibus,
664 2687 745 2748 quas
773 2660 955 2752 φαντασίας
984 2669 1115 2745 vocant,
1149 2663 1241 2730 Theo
1272 2663 1410 2745 Samius,

189 2763 316 2845 ingenio
346 2771 378 2830 et
399 2767 523 2849 gratia,
552 2789 651 2850 quam
680 2769 714 2832 in
743 2789 777 2832 se
806 2769 876 2851 ipse
897 2769 1036 2834 maxime
1058 2768 1174 2847 iactat,
1204 2767 1340 2851 Apelles
1363 2773 1413 2832 est

189 2869 495 2948 praestantissimus.
554 2871 805 2954 Euphranorem
850 2870 1076 2936 admirandum
1119 2870 1212 2952 facit,
1257 2871 1344 2953 quod
1380 2875 1413 2935 et

191 2971 302 3034 ceteris
330 2972 460 3054 optimis
489 2974 604 3038 studiis
631 2975 718 3039 inter
745 2975 937 3059 praecipuos
966 2980 999 3040 et
1022 2972 1176 3058 pingendi
1203 2972 1411 3058 fingendique

189 3072 272 3138 idem
295 3074 398 3140 mirus
422 3076 539 3141 artifex
561 3076 643 3142 fuit‘

275 3177 325 3264 (7)
341 3179 464 3259 ,similis
478 3181 512 3244 in
529 3181 697 3246 statuariis
713 3179 906 3246 differentia.
939 3199 1014 3243 nam
1029 3178 1161 3243 duriora
1176 3182 1209 3242 et
1223 3177 1412 3243 Tuscanicis

189 3281 335 3360 proxima
374 3280 491 3346 Oallon
528 3289 627 3366 atque
660 3283 835 3367 Hegesias,
872 3265 938 3348 iam
974 3280 1080 3346 minus
1115 3279 1224 3364 rigida
1256 3279 1412 3361 Oalamis,

190 3383 336 3449 molliora
359 3385 466 3450 adhuc
496 3407 596 3471 supra
618 3387 712 3452 dictis
734 3387 852 3470 Myron
876 3385 963 3451 fecit.
1008 3384 1178 3467 diligentia
1199 3403 1238 3447 ac
1260 3381 1357 3448 decor
1378 3384 1411 3447 in

189 3485 348 3569 Polyclito
383 3509 482 3572 supra
515 3495 656 3571 ceteros,
694 3491 745 3555 cui
777 3509 975 3574 quamquam
1008 3509 1028 3552 a
1060 3487 1238 3569 plerisque
1256 3486 1412 3551 tribuitur

188 3589 305 3671 palma,
320 3596 441 3671 tamen,
457 3614 497 3657 ne
513 3593 593 3658 nihil
609 3592 813 3675 detrahatur,
831 3593 942 3658 deesse
956 3589 1083 3676 pondus
1097 3594 1244 3672 putant.¹
1271 3587 1320 3674 (8)
1336 3610 1412 3654 nam

188 3697 225 3755 ut
245 3693 406 3759 humanae
428 3694 552 3760 formae
575 3695 723 3761 decorem
747 3695 912 3760 addiderit
940 3714 1039 3778 supra
1060 3713 1182 3772 verum,
1205 3692 1253 3756 ita
1274 3714 1338 3756 non
1360 3714 1413 3757 ex-

187 3795 322 3878 plevisse
359 3797 491 3861 deornm
530 3800 759 3864 auctoritatem
794 3799 932 3864 videtur.
991 3797 1069 3881 quin
1106 3801 1247 3861 aetatem
1284 3818 1412 3879 quoque

188 3900 368 3982 graviorem
390 3899 510 3964 dicitur
531 3900 687 3986 refugisse
709 3901 791 3967 nihil
812 3923 909 3967 ausus
928 3901 1016 3966 ultra
1037 3899 1115 3964 levis
1139 3920 1247 3982 genas.
1293 3905 1412 3982 atquae

188 4002 349 4085 Polyclito
373 4002 554 4083 defuerunt,
578 4004 718 4070 Phidiae
734 4011 833 4088 atque
848 3995 1021 4070 Alcameni
1034 4002 1164 4068 dantur.
1209 4001 1258 4089 (9)
1274 4001 1411 4068 Phidias

188 4110 297 4170 tamen
319 4105 369 4171 dis
398 4127 496 4190 quam
523 4106 706 4175 bominibus
740 4107 918 4174 efficiendis
955 4105 1070 4172 melior
1105 4105 1223 4172 artifex
1258 4106 1410 4187 ereditur,

276 4361 298 4428 ¹)
316 4361 410 4414 locum
429 4361 528 4415 multis
547 4365 624 4417 notis
642 4363 813 4434 inlustravit,
833 4364 952 4418 decades
971 4380 1038 4418 vero
1057 4363 1183 4432 neglexit
1202 4363 1234 4417 n.
1254 4361 1409 4428 Bertrand,

188 4445 223 4509 de
241 4445 353 4514 pictura
372 4450 402 4500 et
420 4448 568 4518 sculptura
586 4450 661 4520 apud
679 4453 789 4505 veteres
802 4451 938 4518 rhetores,
956 4449 1053 4505 Lutet.
1067 4449 1155 4504 Paris.
1169 4451 1234 4502 leel
1247 4468 1275 4520 p.
1291 4451 1411 4505 90-93.

191 4533 343 4588 loe-113.
