<?xml version="1.0" encoding="UTF-8"?>
<!DOCTYPE html PUBLIC "-//W3C//DTD XHTML 1.0 Transitional//EN"
    "http://www.w3.org/TR/xhtml1/DTD/xhtml1-transitional.dtd">
<html xmlns="http://www.w3.org/1999/xhtml" xml:lang="en" lang="en">
 <head>
  <title>
</title>
<meta http-equiv="Content-Type" content="text/html;charset=utf-8" />
  <meta name='ocr-system' content='tesseract 3.04.00' />
  <meta name='ocr-capabilities' content='ocr_page ocr_carea ocr_par ocr_line ocrx_word'/>
</head>
<body>
  <div class='ocr_page' id='page_1' title='image "./decanonedecemor00brzogoog_0024.png"; bbox 0 0 3362 5216; ppageno 0'>
   <div class='ocr_carea' id='block_1_1' title="bbox 778 269 817 333">
    <p class='ocr_par' dir='ltr' id='par_1_1' title="bbox 778 269 817 333">
     <span class='ocr_line' id='line_1_1' title="bbox 778 269 817 333; baseline -0.026 0"><span class='ocrx_word' id='word_1_1' title='bbox 778 269 817 333; x_wconf 82' lang='lat'>19</span> 
     </span>
    </p>
   </div>
   <div class='ocr_carea' id='block_1_2' title="bbox 701 357 903 368">
    <p class='ocr_par' dir='ltr' id='par_1_2' title="bbox 701 357 903 368">
     <span class='ocr_line' id='line_1_2' title="bbox 701 357 903 368; baseline -0.01 0"><span class='ocrx_word' id='word_1_2' title='bbox 701 357 903 368; x_wconf 65' lang='grc' dir='ltr'>..ιιι-...-</span> 
     </span>
    </p>
   </div>
   <div class='ocr_carea' id='block_1_3' title="bbox 145 472 1420 2625">
    <p class='ocr_par' dir='ltr' id='par_1_3' title="bbox 145 472 1415 1181">
     <span class='ocr_line' id='line_1_3' title="bbox 190 472 1411 558; baseline 0.002 -20"><span class='ocrx_word' id='word_1_3' title='bbox 190 474 345 540; x_wconf 88' lang='lat' dir='ltr'>nonnulla</span> <span class='ocrx_word' id='word_1_4' title='bbox 365 480 540 556; x_wconf 89' lang='lat' dir='ltr'>praecepta</span> <span class='ocrx_word' id='word_1_5' title='bbox 561 472 750 538; x_wconf 87' lang='lat' dir='ltr'>exornanda</span> <span class='ocrx_word' id='word_1_6' title='bbox 764 473 907 538; x_wconf 85' lang='lat' dir='ltr'>Asianos</span> <span class='ocrx_word' id='word_1_7' title='bbox 928 495 993 542; x_wconf 90' lang='lat' dir='ltr'>non</span> <span class='ocrx_word' id='word_1_8' title='bbox 1014 473 1122 557; x_wconf 90' lang='lat' dir='ltr'>potuit</span> <span class='ocrx_word' id='word_1_9' title='bbox 1143 497 1208 539; x_wconf 91' lang='lat' dir='ltr'>non</span> <span class='ocrx_word' id='word_1_10' title='bbox 1229 475 1411 558; x_wconf 77' lang='lat' dir='ltr'>admittere,</span> 
     </span>
     <span class='ocr_line' id='line_1_4' title="bbox 191 576 1410 660; baseline 0.002 -18"><span class='ocrx_word' id='word_1_11' title='bbox 191 598 264 642; x_wconf 92' lang='lat' dir='ltr'>cum</span> <span class='ocrx_word' id='word_1_12' title='bbox 297 582 404 642; x_wconf 87' lang='lat' dir='ltr'>essent</span> <span class='ocrx_word' id='word_1_13' title='bbox 436 577 578 659; x_wconf 88' lang='lat' dir='ltr'>figurae,</span> <span class='ocrx_word' id='word_1_14' title='bbox 615 597 699 660; x_wconf 88' lang='lat' dir='ltr'>quae</span> <span class='ocrx_word' id='word_1_15' title='bbox 731 578 816 642; x_wconf 92' lang='lat' dir='ltr'>inter</span> <span class='ocrx_word' id='word_1_16' title='bbox 850 577 992 642; x_wconf 82' lang='lat' dir='ltr'>Asianos</span> <span class='ocrx_word' id='word_1_17' title='bbox 1027 576 1156 642; x_wconf 91' lang='lat' dir='ltr'>demum</span> <span class='ocrx_word' id='word_1_18' title='bbox 1190 586 1410 644; x_wconf 88' lang='lat' dir='ltr'>nascerentur.</span> 
     </span>
     <span class='ocr_line' id='line_1_5' title="bbox 189 679 1413 765; baseline 0.003 -22"><span class='ocrx_word' id='word_1_19' title='bbox 189 681 301 764; x_wconf 90' lang='lat' dir='ltr'>itaque</span> <span class='ocrx_word' id='word_1_20' title='bbox 328 702 388 746; x_wconf 91' lang='lat' dir='ltr'>nec</span> <span class='ocrx_word' id='word_1_21' title='bbox 413 679 525 744; x_wconf 87' lang='lat' dir='ltr'>debuit</span> <span class='ocrx_word' id='word_1_22' title='bbox 553 701 613 745; x_wconf 89' lang='lat' dir='ltr'>nec</span> <span class='ocrx_word' id='word_1_23' title='bbox 640 682 747 765; x_wconf 91' lang='lat' dir='ltr'>potuit</span> <span class='ocrx_word' id='word_1_24' title='bbox 776 679 918 763; x_wconf 83' lang='lat' dir='ltr'>Gorgias</span> <span class='ocrx_word' id='word_1_25' title='bbox 945 702 1076 761; x_wconf 89' lang='lat' dir='ltr'>norma,</span> <span class='ocrx_word' id='word_1_26' title='bbox 1107 680 1213 763; x_wconf 88' lang='lat' dir='ltr'>qualis</span> <span class='ocrx_word' id='word_1_27' title='bbox 1235 682 1269 746; x_wconf 92' lang='lat' dir='ltr'>in</span> <span class='ocrx_word' id='word_1_28' title='bbox 1291 682 1413 748; x_wconf 90' lang='lat' dir='ltr'>decade</span> 
     </span>
     <span class='ocr_line' id='line_1_6' title="bbox 191 783 1413 868; baseline 0.002 -20"><span class='ocrx_word' id='word_1_29' title='bbox 191 790 356 849; x_wconf 90' lang='lat' dir='ltr'>oratorum</span> <span class='ocrx_word' id='word_1_30' title='bbox 371 783 560 848; x_wconf 90' lang='lat' dir='ltr'>Atticorum</span> <span class='ocrx_word' id='word_1_31' title='bbox 582 784 761 848; x_wconf 90' lang='lat' dir='ltr'>constituta</span> <span class='ocrx_word' id='word_1_32' title='bbox 776 789 856 864; x_wconf 86' lang='lat' dir='ltr'>erat,</span> <span class='ocrx_word' id='word_1_33' title='bbox 881 784 1034 866; x_wconf 73' lang='lat' dir='ltr'>astringi,</span> <span class='ocrx_word' id='word_1_34' title='bbox 1058 784 1115 866; x_wconf 91' lang='lat' dir='ltr'>qui</span> <span class='ocrx_word' id='word_1_35' title='bbox 1131 785 1218 867; x_wconf 92' lang='lat' dir='ltr'>quod</span> <span class='ocrx_word' id='word_1_36' title='bbox 1233 787 1413 868; x_wconf 90' lang='lat' dir='ltr'>promiscue</span> 
     </span>
     <span class='ocr_line' id='line_1_7' title="bbox 192 886 1414 972; baseline 0.002 -21"><span class='ocrx_word' id='word_1_37' title='bbox 192 886 335 952; x_wconf 85' lang='lat' dir='ltr'>Asianos</span> <span class='ocrx_word' id='word_1_38' title='bbox 355 893 388 951; x_wconf 89' lang='lat' dir='ltr'>et</span> <span class='ocrx_word' id='word_1_39' title='bbox 409 886 540 951; x_wconf 91' lang='lat' dir='ltr'>Atticos</span> <span class='ocrx_word' id='word_1_40' title='bbox 563 893 709 952; x_wconf 88' lang='lat' dir='ltr'>oratores</span> <span class='ocrx_word' id='word_1_41' title='bbox 732 889 766 951; x_wconf 92' lang='lat' dir='ltr'>in</span> <span class='ocrx_word' id='word_1_42' title='bbox 786 909 881 953; x_wconf 90' lang='lat' dir='ltr'>usum</span> <span class='ocrx_word' id='word_1_43' title='bbox 903 887 1069 972; x_wconf 75' lang='lat' dir='ltr'>vocavit,1)</span> <span class='ocrx_word' id='word_1_44' title='bbox 1092 886 1127 950; x_wconf 91' lang='lat' dir='ltr'>id</span> <span class='ocrx_word' id='word_1_45' title='bbox 1148 909 1249 953; x_wconf 93' lang='lat' dir='ltr'>unum</span> <span class='ocrx_word' id='word_1_46' title='bbox 1271 888 1414 954; x_wconf 79' lang='lat' dir='ltr'>ostendit</span> 
     </span>
     <span class='ocr_line' id='line_1_8' title="bbox 192 989 1415 1074; baseline 0.001 -19"><span class='ocrx_word' id='word_1_47' title='bbox 192 990 335 1055; x_wconf 88' lang='lat' dir='ltr'>Asianos</span> <span class='ocrx_word' id='word_1_48' title='bbox 352 1011 491 1073; x_wconf 91' lang='lat' dir='ltr'>quoque,</span> <span class='ocrx_word' id='word_1_49' title='bbox 508 1011 646 1073; x_wconf 88' lang='lat' dir='ltr'>quorum</span> <span class='ocrx_word' id='word_1_50' title='bbox 661 991 838 1056; x_wconf 91' lang='lat' dir='ltr'>auctoritas</span> <span class='ocrx_word' id='word_1_51' title='bbox 853 1011 894 1054; x_wconf 92' lang='lat' dir='ltr'>ne</span> <span class='ocrx_word' id='word_1_52' title='bbox 906 990 1058 1073; x_wconf 91' lang='lat' dir='ltr'>Augusto</span> <span class='ocrx_word' id='word_1_53' title='bbox 1075 989 1206 1074; x_wconf 91' lang='lat' dir='ltr'>quidem</span> <span class='ocrx_word' id='word_1_54' title='bbox 1220 993 1415 1074; x_wconf 88' lang='lat' dir='ltr'>imperatore</span> 
     </span>
     <span class='ocr_line' id='line_1_9' title="bbox 145 1093 1414 1181; baseline 0.001 -23"><span class='ocrx_word' id='word_1_55' title='bbox 145 1126 148 1133; x_wconf 95' lang='lat'>·</span> <span class='ocrx_word' id='word_1_56' title='bbox 192 1113 325 1175; x_wconf 87' lang='lat' dir='ltr'>prorsus</span> <span class='ocrx_word' id='word_1_57' title='bbox 347 1093 507 1158; x_wconf 87' lang='lat' dir='ltr'>exstincta</span> <span class='ocrx_word' id='word_1_58' title='bbox 522 1100 602 1175; x_wconf 88' lang='lat' dir='ltr'>erat,</span> <span class='ocrx_word' id='word_1_59' title='bbox 624 1094 776 1160; x_wconf 88' lang='lat' dir='ltr'>habuisse</span> <span class='ocrx_word' id='word_1_60' title='bbox 792 1115 855 1176; x_wconf 91' lang='lat' dir='ltr'>quo</span> <span class='ocrx_word' id='word_1_61' title='bbox 871 1094 943 1157; x_wconf 86' lang='lat' dir='ltr'>eliis</span> <span class='ocrx_word' id='word_1_62' title='bbox 958 1093 1016 1157; x_wconf 89' lang='lat' dir='ltr'>illa</span> <span class='ocrx_word' id='word_1_63' title='bbox 1032 1098 1141 1158; x_wconf 88' lang='lat' dir='ltr'>aetate</span> <span class='ocrx_word' id='word_1_64' title='bbox 1157 1094 1414 1181; x_wconf 78' lang='lat' dir='ltr'>probarentur.²)</span> 
     </span>
    </p>

    <p class='ocr_par' dir='ltr' id='par_1_4' title="bbox 194 1196 1416 1487">
     <span class='ocr_line' id='line_1_10' title="bbox 280 1196 1416 1281; baseline -0.002 -17"><span class='ocrx_word' id='word_1_65' title='bbox 280 1196 439 1281; x_wconf 81' lang='lat' dir='ltr'>Sequitur</span> <span class='ocrx_word' id='word_1_66' title='bbox 460 1203 498 1261; x_wconf 89' lang='lat' dir='ltr'>ut</span> <span class='ocrx_word' id='word_1_67' title='bbox 521 1218 538 1262; x_wconf 91' lang='lat' dir='ltr'>e</span> <span class='ocrx_word' id='word_1_68' title='bbox 554 1197 712 1280; x_wconf 86' lang='lat' dir='ltr'>Dionysio</span> <span class='ocrx_word' id='word_1_69' title='bbox 727 1197 996 1262; x_wconf 88' lang='lat' dir='ltr'>Halicarnasensi</span> <span class='ocrx_word' id='word_1_70' title='bbox 1012 1218 1095 1279; x_wconf 89' lang='lat' dir='ltr'>quae</span> <span class='ocrx_word' id='word_1_71' title='bbox 1118 1197 1257 1281; x_wconf 90' lang='lat' dir='ltr'>conlegit</span> <span class='ocrx_word' id='word_1_72' title='bbox 1272 1198 1375 1264; x_wconf 89' lang='lat' dir='ltr'>Meier</span> <span class='ocrx_word' id='word_1_73' title='bbox 1396 1219 1416 1262; x_wconf 90' lang='lat' dir='ltr'>a</span> 
     </span>
     <span class='ocr_line' id='line_1_11' title="bbox 195 1298 1416 1383; baseline 0 -17"><span class='ocrx_word' id='word_1_74' title='bbox 195 1298 338 1366; x_wconf 85' lang='lat' dir='ltr'>Steffeno</span> <span class='ocrx_word' id='word_1_75' title='bbox 362 1301 493 1366; x_wconf 90' lang='lat' dir='ltr'>adiutus</span> <span class='ocrx_word' id='word_1_76' title='bbox 521 1301 708 1366; x_wconf 89' lang='lat' dir='ltr'>testimonia</span> <span class='ocrx_word' id='word_1_77' title='bbox 729 1301 847 1366; x_wconf 87' lang='lat' dir='ltr'>iudicio</span> <span class='ocrx_word' id='word_1_78' title='bbox 870 1305 981 1366; x_wconf 88' lang='lat' dir='ltr'>nostro</span> <span class='ocrx_word' id='word_1_79' title='bbox 1004 1299 1209 1364; x_wconf 79' lang='lat' dir='ltr'>subiciamus.</span> <span class='ocrx_word' id='word_1_80' title='bbox 1253 1301 1330 1381; x_wconf 92' lang='lat' dir='ltr'>loci,</span> <span class='ocrx_word' id='word_1_81' title='bbox 1361 1301 1416 1383; x_wconf 89' lang='lat' dir='ltr'>qui</span> 
     </span>
     <span class='ocr_line' id='line_1_12' title="bbox 194 1401 1122 1487; baseline 0.001 -21"><span class='ocrx_word' id='word_1_82' title='bbox 194 1403 227 1467; x_wconf 92' lang='lat' dir='ltr'>in</span> <span class='ocrx_word' id='word_1_83' title='bbox 251 1403 518 1487; x_wconf 89' lang='lat' dir='ltr'>disceptationem</span> <span class='ocrx_word' id='word_1_84' title='bbox 541 1410 707 1485; x_wconf 86' lang='lat' dir='ltr'>vocantur,</span> <span class='ocrx_word' id='word_1_85' title='bbox 730 1403 956 1468; x_wconf 80' lang='lat' dir='ltr'>memorabiles</span> <span class='ocrx_word' id='word_1_86' title='bbox 978 1401 1012 1466; x_wconf 94' lang='lat' dir='ltr'>hi</span> <span class='ocrx_word' id='word_1_87' title='bbox 1034 1409 1122 1468; x_wconf 92' lang='lat' dir='ltr'>sunt:</span> 
     </span>
    </p>

    <p class='ocr_par' dir='ltr' id='par_1_5' title="bbox 193 1506 1420 2625">
     <span class='ocr_line' id='line_1_13' title="bbox 281 1506 1417 1591; baseline -0.001 -19"><span class='ocrx_word' id='word_1_88' title='bbox 281 1511 308 1571; x_wconf 90' lang='lat'>1.</span> <span class='ocrx_word' id='word_1_89' title='bbox 345 1506 385 1572; x_wconf 90' lang='lat' dir='ltr'>de</span> <span class='ocrx_word' id='word_1_90' title='bbox 419 1514 501 1572; x_wconf 90' lang='lat' dir='ltr'>orat.</span> <span class='ocrx_word' id='word_1_91' title='bbox 531 1513 597 1572; x_wconf 88' lang='lat' dir='ltr'>ant.</span> <span class='ocrx_word' id='word_1_92' title='bbox 630 1513 646 1572; x_wconf 93' lang='grc'>1</span> <span class='ocrx_word' id='word_1_93' title='bbox 672 1529 703 1590; x_wconf 91' lang='lat' dir='ltr'>p.</span> <span class='ocrx_word' id='word_1_94' title='bbox 732 1511 795 1572; x_wconf 86' lang='lat'>445</span> <span class='ocrx_word' id='word_1_95' title='bbox 825 1528 911 1591; x_wconf 79' lang='lat' dir='ltr'>sqq:</span> <span class='ocrx_word' id='word_1_96' title='bbox 946 1511 1120 1589; x_wconf 82' lang='lat' dir='ltr'>postquam</span> <span class='ocrx_word' id='word_1_97' title='bbox 1147 1506 1324 1590; x_wconf 87' lang='lat' dir='ltr'>Dionysius</span> <span class='ocrx_word' id='word_1_98' title='bbox 1354 1506 1417 1571; x_wconf 90' lang='lat' dir='ltr'>elo·</span> 
     </span>
     <span class='ocr_line' id='line_1_14' title="bbox 193 1609 1417 1694; baseline 0 -20"><span class='ocrx_word' id='word_1_99' title='bbox 193 1610 346 1694; x_wconf 89' lang='lat' dir='ltr'>quentiae</span> <span class='ocrx_word' id='word_1_100' title='bbox 367 1610 602 1694; x_wconf 91' lang='lat' dir='ltr'>propemodum</span> <span class='ocrx_word' id='word_1_101' title='bbox 624 1611 802 1674; x_wconf 82' lang='lat' dir='ltr'>exstinctae</span> <span class='ocrx_word' id='word_1_102' title='bbox 824 1609 933 1674; x_wconf 91' lang='lat' dir='ltr'>studia</span> <span class='ocrx_word' id='word_1_103' title='bbox 954 1609 1107 1691; x_wconf 87' lang='lat' dir='ltr'>aequales</span> <span class='ocrx_word' id='word_1_104' title='bbox 1131 1609 1259 1674; x_wconf 91' lang='lat' dir='ltr'>demum</span> <span class='ocrx_word' id='word_1_105' title='bbox 1275 1610 1417 1674; x_wconf 89' lang='lat' dir='ltr'>recolere</span> 
     </span>
     <span class='ocr_line' id='line_1_15' title="bbox 194 1711 1417 1797; baseline -0.001 -19"><span class='ocrx_word' id='word_1_106' title='bbox 194 1712 336 1795; x_wconf 89' lang='lat' dir='ltr'>coepisse</span> <span class='ocrx_word' id='word_1_107' title='bbox 350 1721 583 1797; x_wconf 89' lang='lat' dir='ltr'>parentemque</span> <span class='ocrx_word' id='word_1_108' title='bbox 598 1713 666 1778; x_wconf 85' lang='lat' dir='ltr'>eius</span> <span class='ocrx_word' id='word_1_109' title='bbox 678 1713 867 1777; x_wconf 87' lang='lat' dir='ltr'>mutationis</span> <span class='ocrx_word' id='word_1_110' title='bbox 878 1711 984 1777; x_wconf 84' lang='lat' dir='ltr'>factae</span> <span class='ocrx_word' id='word_1_111' title='bbox 997 1733 1065 1776; x_wconf 90' lang='lat' dir='ltr'>esse</span> <span class='ocrx_word' id='word_1_112' title='bbox 1077 1712 1216 1778; x_wconf 89' lang='lat' dir='ltr'>Romam</span> <span class='ocrx_word' id='word_1_113' title='bbox 1228 1712 1417 1792; x_wconf 83' lang='lat' dir='ltr'>enuntiavit,</span> 
     </span>
     <span class='ocr_line' id='line_1_16' title="bbox 194 1815 1418 1900; baseline -0.002 -20"><span class='ocrx_word' id='word_1_114' title='bbox 194 1836 278 1898; x_wconf 90' lang='lat' dir='ltr'>quae</span> <span class='ocrx_word' id='word_1_115' title='bbox 305 1822 343 1880; x_wconf 89' lang='lat' dir='ltr'>ut</span> <span class='ocrx_word' id='word_1_116' title='bbox 370 1816 501 1880; x_wconf 90' lang='lat' dir='ltr'>domina</span> <span class='ocrx_word' id='word_1_117' title='bbox 530 1818 673 1882; x_wconf 93' lang='lat' dir='ltr'>omnium</span> <span class='ocrx_word' id='word_1_118' title='bbox 700 1817 845 1900; x_wconf 89' lang='lat' dir='ltr'>gentium</span> <span class='ocrx_word' id='word_1_119' title='bbox 867 1815 977 1881; x_wconf 87' lang='lat' dir='ltr'>oculos</span> <span class='ocrx_word' id='word_1_120' title='bbox 999 1816 1033 1878; x_wconf 92' lang='lat' dir='ltr'>in</span> <span class='ocrx_word' id='word_1_121' title='bbox 1055 1836 1089 1880; x_wconf 92' lang='lat' dir='ltr'>se</span> <span class='ocrx_word' id='word_1_122' title='bbox 1112 1821 1323 1897; x_wconf 84' lang='lat' dir='ltr'>converteret,</span> <span class='ocrx_word' id='word_1_123' title='bbox 1345 1835 1418 1898; x_wconf 90' lang='lat' dir='ltr'>pro·</span> 
     </span>
     <span class='ocr_line' id='line_1_17' title="bbox 194 1918 1420 2003; baseline -0.001 -22"><span class='ocrx_word' id='word_1_124' title='bbox 194 1918 305 1983; x_wconf 86' lang='lat' dir='ltr'>fitetur</span> <span class='ocrx_word' id='word_1_125' title='bbox 327 1941 361 1984; x_wconf 90' lang='lat' dir='ltr'>se</span> <span class='ocrx_word' id='word_1_126' title='bbox 384 1919 545 1985; x_wconf 91' lang='lat' dir='ltr'>dicturum</span> <span class='ocrx_word' id='word_1_127' title='bbox 568 1941 652 1999; x_wconf 89' lang='lat' dir='ltr'>esse,</span> <span class='ocrx_word' id='word_1_128' title='bbox 676 1920 732 2003; x_wconf 90' lang='lat' dir='ltr'>qui</span> <span class='ocrx_word' id='word_1_129' title='bbox 754 1921 819 1985; x_wconf 87' lang='lat' dir='ltr'>sint</span> <span class='ocrx_word' id='word_1_130' title='bbox 840 1919 996 1984; x_wconf 88' lang='lat' dir='ltr'>memoria</span> <span class='ocrx_word' id='word_1_131' title='bbox 1018 1918 1196 2002; x_wconf 83' lang='lat' dir='ltr'>dignissimi</span> <span class='ocrx_word' id='word_1_132' title='bbox 1219 1923 1365 1982; x_wconf 90' lang='lat' dir='ltr'>oratores</span> <span class='ocrx_word' id='word_1_133' title='bbox 1387 1920 1420 1980; x_wconf 93' lang='lat' dir='ltr'>et</span> 
     </span>
     <span class='ocr_line' id='line_1_18' title="bbox 195 2019 1418 2107; baseline -0.004 -19"><span class='ocrx_word' id='word_1_134' title='bbox 195 2021 350 2104; x_wconf 85' lang='lat' dir='ltr'>historici,</span> <span class='ocrx_word' id='word_1_135' title='bbox 388 2044 488 2107; x_wconf 89' lang='lat' dir='ltr'>quam</span> <span class='ocrx_word' id='word_1_136' title='bbox 514 2023 642 2088; x_wconf 84' lang='lat' dir='ltr'>vivendi</span> <span class='ocrx_word' id='word_1_137' title='bbox 664 2029 697 2087; x_wconf 92' lang='lat' dir='ltr'>et</span> <span class='ocrx_word' id='word_1_138' title='bbox 720 2023 849 2088; x_wconf 90' lang='lat' dir='ltr'>dicendi</span> <span class='ocrx_word' id='word_1_139' title='bbox 872 2024 1032 2087; x_wconf 90' lang='lat' dir='ltr'>rationem</span> <span class='ocrx_word' id='word_1_140' title='bbox 1054 2021 1118 2085; x_wconf 92' lang='lat' dir='ltr'>sint</span> <span class='ocrx_word' id='word_1_141' title='bbox 1139 2021 1253 2103; x_wconf 89' lang='lat' dir='ltr'>secuti,</span> <span class='ocrx_word' id='word_1_142' title='bbox 1283 2019 1363 2103; x_wconf 94' lang='lat' dir='ltr'>quid</span> <span class='ocrx_word' id='word_1_143' title='bbox 1385 2020 1418 2093; x_wconf 85' lang='lat' dir='ltr'>in</span> 
     </span>
     <span class='ocr_line' id='line_1_19' title="bbox 198 2117 1419 2211; baseline -0.005 -21"><span class='ocrx_word' id='word_1_144' title='bbox 198 2126 333 2209; x_wconf 89' lang='lat' dir='ltr'>singulis</span> <span class='ocrx_word' id='word_1_145' title='bbox 355 2126 548 2191; x_wconf 91' lang='lat' dir='ltr'>imitandum</span> <span class='ocrx_word' id='word_1_146' title='bbox 574 2126 691 2209; x_wconf 85' lang='lat' dir='ltr'>quidve</span> <span class='ocrx_word' id='word_1_147' title='bbox 718 2127 760 2190; x_wconf 84' lang='lat' dir='ltr'>sit</span> <span class='ocrx_word' id='word_1_148' title='bbox 789 2125 993 2208; x_wconf 85' lang='lat' dir='ltr'>fugiendum,</span> <span class='ocrx_word' id='word_1_149' title='bbox 1022 2121 1219 2211; x_wconf 77' lang='grc' dir='ltr'><em>θεωρήματα</em></span> <span class='ocrx_word' id='word_1_150' title='bbox 1247 2117 1322 2186; x_wconf 72' lang='grc' dir='ltr'>οὐδὲ</span> <span class='ocrx_word' id='word_1_151' title='bbox 1353 2144 1419 2184; x_wconf 76' lang='grc' dir='ltr'>που</span> 
     </span>
     <span class='ocr_line' id='line_1_20' title="bbox 200 2222 1419 2317; baseline -0.003 -25"><span class='ocrx_word' id='word_1_152' title='bbox 200 2227 247 2312; x_wconf 83' lang='grc' dir='ltr'>μὰ</span> <span class='ocrx_word' id='word_1_153' title='bbox 269 2224 337 2294; x_wconf 82' lang='grc' dir='ltr'>Δία</span> <span class='ocrx_word' id='word_1_154' title='bbox 359 2226 451 2292; x_wconf 82' lang='grc' dir='ltr'><strong><em>κοινὰ</em></strong></span> <span class='ocrx_word' id='word_1_155' title='bbox 474 2222 547 2293; x_wconf 79' lang='grc' dir='ltr'>οὐδὲ</span> <span class='ocrx_word' id='word_1_156' title='bbox 569 2227 839 2317; x_wconf 74' lang='grc' dir='ltr'><strong><em>καθημαξευμένα</em></strong></span> <span class='ocrx_word' id='word_1_157' title='bbox 861 2233 930 2304; x_wconf 79' lang='grc' dir='ltr'><strong><em>τοῖς</em></strong></span> <span class='ocrx_word' id='word_1_158' title='bbox 953 2225 1125 2314; x_wconf 67' lang='lat' dir='ltr'>ugenacco,</span> <span class='ocrx_word' id='word_1_159' title='bbox 1153 2227 1209 2293; x_wconf 92' lang='lat' dir='ltr'>diu</span> <span class='ocrx_word' id='word_1_160' title='bbox 1231 2248 1265 2292; x_wconf 94' lang='lat' dir='ltr'>se</span> <span class='ocrx_word' id='word_1_161' title='bbox 1294 2226 1419 2308; x_wconf 89' lang='lat' dir='ltr'>quaesi-</span> 
     </span>
     <span class='ocr_line' id='line_1_21' title="bbox 196 2329 1419 2416; baseline 0 -22"><span class='ocrx_word' id='word_1_162' title='bbox 196 2331 280 2395; x_wconf 85' lang='lat' dir='ltr'>visse</span> <span class='ocrx_word' id='word_1_163' title='bbox 302 2352 406 2413; x_wconf 89' lang='lat' dir='ltr'>neque</span> <span class='ocrx_word' id='word_1_164' title='bbox 427 2338 538 2396; x_wconf 90' lang='lat' dir='ltr'>tamen</span> <span class='ocrx_word' id='word_1_165' title='bbox 559 2331 660 2396; x_wconf 89' lang='lat' dir='ltr'>ullam</span> <span class='ocrx_word' id='word_1_166' title='bbox 674 2334 855 2416; x_wconf 89' lang='lat' dir='ltr'>repperisse</span> <span class='ocrx_word' id='word_1_167' title='bbox 872 2332 1089 2415; x_wconf 89' lang='lat' dir='ltr'>scriptionem,</span> <span class='ocrx_word' id='word_1_168' title='bbox 1113 2331 1199 2413; x_wconf 92' lang='lat' dir='ltr'>quod</span> <span class='ocrx_word' id='word_1_169' title='bbox 1215 2329 1346 2414; x_wconf 89' lang='lat' dir='ltr'>quidem</span> <span class='ocrx_word' id='word_1_170' title='bbox 1360 2351 1419 2413; x_wconf 90' lang='lat' dir='ltr'>pro</span> 
     </span>
     <span class='ocr_line' id='line_1_22' title="bbox 199 2427 1418 2518; baseline -0.002 -19"><span class='ocrx_word' id='word_1_171' title='bbox 199 2440 288 2500; x_wconf 90' lang='lat' dir='ltr'>certo</span> <span class='ocrx_word' id='word_1_172' title='bbox 317 2454 351 2498; x_wconf 89' lang='lat' dir='ltr'>se</span> <span class='ocrx_word' id='word_1_173' title='bbox 380 2433 555 2500; x_wconf 88' lang='lat' dir='ltr'>adfirmare</span> <span class='ocrx_word' id='word_1_174' title='bbox 582 2433 668 2499; x_wconf 91' lang='lat' dir='ltr'>nolle</span> <span class='ocrx_word' id='word_1_175' title='bbox 695 2434 857 2518; x_wconf 86' lang='lat' dir='ltr'>adiungit,</span> <span class='ocrx_word' id='word_1_176' title='bbox 892 2456 965 2500; x_wconf 89' lang='lat' dir='ltr'>cum</span> <span class='ocrx_word' id='word_1_177' title='bbox 999 2429 1142 2510; x_wconf 63' lang='grc' dir='ltr'><em>αὔθαδες</em></span> <span class='ocrx_word' id='word_1_178' title='bbox 1177 2431 1264 2498; x_wconf 78' lang='grc' dir='ltr'>πάνυ</span> <span class='ocrx_word' id='word_1_179' title='bbox 1292 2430 1348 2496; x_wconf 81' lang='grc' dir='ltr'>καὶ</span> <span class='ocrx_word' id='word_1_180' title='bbox 1383 2427 1418 2496; x_wconf 80' lang='grc' dir='ltr'>οὐ</span> 
     </span>
     <span class='ocr_line' id='line_1_23' title="bbox 199 2532 1419 2625; baseline 0.002 -25"><span class='ocrx_word' id='word_1_181' title='bbox 199 2532 310 2622; x_wconf 79' lang='grc' dir='ltr'><strong><em>πόρρω</em></strong></span> <span class='ocrx_word' id='word_1_182' title='bbox 332 2532 449 2620; x_wconf 81' lang='grc' dir='ltr'><strong><em>μανίας</em></strong></span> <span class='ocrx_word' id='word_1_183' title='bbox 470 2537 564 2625; x_wconf 81' lang='lat' dir='ltr'>sit;³)</span> <span class='ocrx_word' id='word_1_184' title='bbox 586 2539 652 2603; x_wconf 90' lang='lat' dir='ltr'>iam</span> <span class='ocrx_word' id='word_1_185' title='bbox 674 2559 746 2603; x_wconf 89' lang='lat' dir='ltr'>oum</span> <span class='ocrx_word' id='word_1_186' title='bbox 768 2539 862 2604; x_wconf 91' lang='lat' dir='ltr'>multi</span> <span class='ocrx_word' id='word_1_187' title='bbox 884 2540 949 2603; x_wconf 91' lang='lat' dir='ltr'>sint</span> <span class='ocrx_word' id='word_1_188' title='bbox 964 2544 1108 2603; x_wconf 88' lang='lat' dir='ltr'>oratores</span> <span class='ocrx_word' id='word_1_189' title='bbox 1125 2543 1157 2603; x_wconf 90' lang='lat' dir='ltr'>et</span> <span class='ocrx_word' id='word_1_190' title='bbox 1171 2537 1317 2602; x_wconf 86' lang='lat' dir='ltr'>historici</span> <span class='ocrx_word' id='word_1_191' title='bbox 1331 2537 1419 2620; x_wconf 92' lang='lat' dir='ltr'>iique</span> 
     </span>
    </p>
   </div>
   <div class='ocr_carea' id='block_1_4' title="bbox 196 2775 1426 4572">
    <p class='ocr_par' dir='ltr' id='par_1_6' title="bbox 196 2775 1420 3108">
     <span class='ocr_line' id='line_1_24' title="bbox 196 2775 1417 2848; baseline 0.001 -18"><span class='ocrx_word' id='word_1_192' title='bbox 196 2775 403 2830; x_wconf 87' lang='lat' dir='ltr'>Demosthenes</span> <span class='ocrx_word' id='word_1_193' title='bbox 430 2781 548 2846; x_wconf 89' lang='lat' dir='ltr'>usurpat</span> <span class='ocrx_word' id='word_1_194' title='bbox 580 2777 742 2848; x_wconf 86' lang='lat' dir='ltr'>(Rehdantz</span> <span class='ocrx_word' id='word_1_195' title='bbox 773 2779 859 2833; x_wconf 88' lang='lat' dir='ltr'>index</span> <span class='ocrx_word' id='word_1_196' title='bbox 884 2796 904 2832; x_wconf 88' lang='lat' dir='ltr'>s.</span> <span class='ocrx_word' id='word_1_197' title='bbox 928 2796 953 2831; x_wconf 88' lang='lat' dir='ltr'>v.</span> <span class='ocrx_word' id='word_1_198' title='bbox 972 2780 1138 2846; x_wconf 86' lang='lat' dir='ltr'>Anaphora;</span> <span class='ocrx_word' id='word_1_199' title='bbox 1157 2779 1245 2844; x_wconf 86' lang='lat' dir='ltr'>Blass,</span> <span class='ocrx_word' id='word_1_200' title='bbox 1264 2778 1316 2830; x_wconf 90' lang='lat' dir='ltr'>AB</span> <span class='ocrx_word' id='word_1_201' title='bbox 1337 2777 1417 2831; x_wconf 85' lang='lat' dir='ltr'>IIll</span> 
     </span>
     <span class='ocr_line' id='line_1_25' title="bbox 196 2862 1420 2932; baseline 0.002 -18"><span class='ocrx_word' id='word_1_202' title='bbox 196 2879 224 2931; x_wconf 92' lang='lat' dir='ltr'>p.</span> <span class='ocrx_word' id='word_1_203' title='bbox 251 2863 326 2930; x_wconf 88' lang='grc'>144);</span> <span class='ocrx_word' id='word_1_204' title='bbox 357 2863 472 2916; x_wconf 91' lang='lat' dir='ltr'>omnino</span> <span class='ocrx_word' id='word_1_205' title='bbox 501 2863 577 2932; x_wconf 92' lang='lat' dir='ltr'>apud</span> <span class='ocrx_word' id='word_1_206' title='bbox 598 2862 822 2919; x_wconf 87' lang='lat' dir='ltr'>Demosthenem</span> <span class='ocrx_word' id='word_1_207' title='bbox 849 2864 962 2917; x_wconf 90' lang='lat' dir='ltr'>demum</span> <span class='ocrx_word' id='word_1_208' title='bbox 990 2865 1196 2918; x_wconf 89' lang='lat' dir='ltr'>sententiarum</span> <span class='ocrx_word' id='word_1_209' title='bbox 1223 2867 1328 2932; x_wconf 87' lang='lat' dir='ltr'>figuras</span> <span class='ocrx_word' id='word_1_210' title='bbox 1356 2881 1420 2917; x_wconf 91' lang='lat' dir='ltr'>cum</span> 
     </span>
     <span class='ocr_line' id='line_1_26' title="bbox 197 2948 1420 3020; baseline 0.002 -18"><span class='ocrx_word' id='word_1_211' title='bbox 197 2948 319 3002; x_wconf 83' lang='lat' dir='ltr'>maxime</span> <span class='ocrx_word' id='word_1_212' title='bbox 342 2952 387 3002; x_wconf 88' lang='lat' dir='ltr'>est</span> <span class='ocrx_word' id='word_1_213' title='bbox 409 2950 566 3004; x_wconf 82' lang='lat' dir='ltr'>admiratus</span> <span class='ocrx_word' id='word_1_214' title='bbox 585 2949 686 3005; x_wconf 83' lang='lat' dir='ltr'>Cicero</span> <span class='ocrx_word' id='word_1_215' title='bbox 704 2952 749 3006; x_wconf 91' lang='lat' dir='ltr'>vel</span> <span class='ocrx_word' id='word_1_216' title='bbox 769 2953 826 3006; x_wconf 90' lang='lat' dir='ltr'>eius</span> <span class='ocrx_word' id='word_1_217' title='bbox 844 2955 944 3005; x_wconf 85' lang='lat' dir='ltr'>auctor</span> <span class='ocrx_word' id='word_1_218' title='bbox 961 2953 1042 3020; x_wconf 88' lang='lat' dir='ltr'>(orat.</span> <span class='ocrx_word' id='word_1_219' title='bbox 1062 2953 1124 3018; x_wconf 85' lang='lat'>136;</span> <span class='ocrx_word' id='word_1_220' title='bbox 1149 2951 1183 3004; x_wconf 89' lang='lat' dir='ltr'>cf.</span> <span class='ocrx_word' id='word_1_221' title='bbox 1202 2950 1282 3006; x_wconf 90' lang='lat' dir='ltr'>Brut.</span> <span class='ocrx_word' id='word_1_222' title='bbox 1300 2953 1334 3004; x_wconf 88' lang='lat'>68</span> <span class='ocrx_word' id='word_1_223' title='bbox 1359 2952 1420 3019; x_wconf 83' lang='lat' dir='ltr'>sq),</span> 
     </span>
     <span class='ocr_line' id='line_1_27' title="bbox 198 3035 929 3108; baseline 0 -18"><span class='ocrx_word' id='word_1_224' title='bbox 198 3035 357 3090; x_wconf 89' lang='lat' dir='ltr'>cumidem</span> <span class='ocrx_word' id='word_1_225' title='bbox 376 3035 555 3100; x_wconf 83' lang='lat' dir='ltr'>,inornatum‘</span> <span class='ocrx_word' id='word_1_226' title='bbox 573 3044 655 3092; x_wconf 78' lang='lat' dir='ltr'>vocet</span> <span class='ocrx_word' id='word_1_227' title='bbox 671 3039 787 3108; x_wconf 86' lang='lat' dir='ltr'>Lysiam</span> <span class='ocrx_word' id='word_1_228' title='bbox 804 3040 857 3107; x_wconf 90' lang='lat' dir='ltr'>(or.</span> <span class='ocrx_word' id='word_1_229' title='bbox 875 3041 929 3106; x_wconf 81' lang='lat'>29).</span> 
     </span>
    </p>

    <p class='ocr_par' dir='ltr' id='par_1_7' title="bbox 197 3120 1419 3451">
     <span class='ocr_line' id='line_1_28' title="bbox 286 3120 1419 3194; baseline 0 -20"><span class='ocrx_word' id='word_1_230' title='bbox 286 3123 306 3190; x_wconf 89' lang='lat'>¹)</span> <span class='ocrx_word' id='word_1_231' title='bbox 325 3120 361 3175; x_wconf 92' lang='lat' dir='ltr'>ad</span> <span class='ocrx_word' id='word_1_232' title='bbox 377 3122 518 3190; x_wconf 90' lang='lat' dir='ltr'>liquidum</span> <span class='ocrx_word' id='word_1_233' title='bbox 536 3123 663 3192; x_wconf 86' lang='lat' dir='ltr'>quaestio</span> <span class='ocrx_word' id='word_1_234' title='bbox 675 3123 792 3194; x_wconf 89' lang='lat' dir='ltr'>perduci</span> <span class='ocrx_word' id='word_1_235' title='bbox 809 3124 916 3194; x_wconf 90' lang='lat' dir='ltr'>nequit,</span> <span class='ocrx_word' id='word_1_236' title='bbox 935 3141 999 3177; x_wconf 90' lang='lat' dir='ltr'>oum</span> <span class='ocrx_word' id='word_1_237' title='bbox 1012 3124 1135 3192; x_wconf 82' lang='lat' dir='ltr'>Gorgiae</span> <span class='ocrx_word' id='word_1_238' title='bbox 1152 3123 1218 3176; x_wconf 90' lang='lat' dir='ltr'>libri</span> <span class='ocrx_word' id='word_1_239' title='bbox 1236 3141 1293 3176; x_wconf 91' lang='lat' dir='ltr'>non</span> <span class='ocrx_word' id='word_1_240' title='bbox 1311 3122 1419 3192; x_wconf 86' lang='lat' dir='ltr'>integri</span> 
     </span>
     <span class='ocr_line' id='line_1_29' title="bbox 197 3206 1419 3278; baseline 0.002 -18"><span class='ocrx_word' id='word_1_241' title='bbox 197 3206 233 3261; x_wconf 90' lang='lat' dir='ltr'>ad</span> <span class='ocrx_word' id='word_1_242' title='bbox 254 3210 383 3261; x_wconf 85' lang='lat' dir='ltr'>nostram</span> <span class='ocrx_word' id='word_1_243' title='bbox 407 3227 494 3278; x_wconf 90' lang='lat' dir='ltr'>usque</span> <span class='ocrx_word' id='word_1_244' title='bbox 519 3211 683 3263; x_wconf 89' lang='lat' dir='ltr'>memoriam</span> <span class='ocrx_word' id='word_1_245' title='bbox 708 3212 812 3265; x_wconf 84' lang='lat' dir='ltr'>servati</span> <span class='ocrx_word' id='word_1_246' title='bbox 838 3213 904 3276; x_wconf 92' lang='lat' dir='ltr'>sint,</span> <span class='ocrx_word' id='word_1_247' title='bbox 929 3211 962 3264; x_wconf 88' lang='lat' dir='ltr'>of.</span> <span class='ocrx_word' id='word_1_248' title='bbox 988 3211 1020 3265; x_wconf 90' lang='lat' dir='ltr'>G.</span> <span class='ocrx_word' id='word_1_249' title='bbox 1044 3211 1164 3276; x_wconf 86' lang='lat' dir='ltr'>Dzialas,</span> <span class='ocrx_word' id='word_1_250' title='bbox 1188 3213 1295 3278; x_wconf 87' lang='lat' dir='ltr'>quaest.</span> <span class='ocrx_word' id='word_1_251' title='bbox 1318 3209 1419 3275; x_wconf 80' lang='lat' dir='ltr'>Rutu,</span> 
     </span>
     <span class='ocr_line' id='line_1_30' title="bbox 197 3291 1417 3368; baseline 0.001 -21"><span class='ocrx_word' id='word_1_252' title='bbox 197 3291 314 3348; x_wconf 87' lang='lat' dir='ltr'>Vratisl.</span> <span class='ocrx_word' id='word_1_253' title='bbox 338 3295 417 3362; x_wconf 84' lang='lat'>1860;</span> <span class='ocrx_word' id='word_1_254' title='bbox 439 3295 475 3350; x_wconf 89' lang='lat' dir='ltr'>R.</span> <span class='ocrx_word' id='word_1_255' title='bbox 496 3295 665 3362; x_wconf 89' lang='lat' dir='ltr'>Volkmann,</span> <span class='ocrx_word' id='word_1_256' title='bbox 688 3295 774 3352; x_wconf 90' lang='lat' dir='ltr'>Rhet.</span> <span class='ocrx_word' id='word_1_257' title='bbox 797 3316 825 3368; x_wconf 93' lang='lat' dir='ltr'>p.</span> <span class='ocrx_word' id='word_1_258' title='bbox 848 3300 914 3365; x_wconf 78' lang='lat'><strong>3903</strong></span> <span class='ocrx_word' id='word_1_259' title='bbox 938 3297 988 3351; x_wconf 81' lang='lat' dir='ltr'>Th.</span> <span class='ocrx_word' id='word_1_260' title='bbox 1008 3296 1073 3350; x_wconf 91' lang='lat' dir='ltr'>Birt</span> <span class='ocrx_word' id='word_1_261' title='bbox 1096 3299 1114 3351; x_wconf 93' lang='lat' dir='ltr'>l.</span> <span class='ocrx_word' id='word_1_262' title='bbox 1133 3297 1151 3350; x_wconf 88' lang='lat' dir='ltr'>l.</span> <span class='ocrx_word' id='word_1_263' title='bbox 1170 3316 1196 3366; x_wconf 91' lang='lat' dir='ltr'>p.</span> <span class='ocrx_word' id='word_1_264' title='bbox 1215 3299 1278 3363; x_wconf 80' lang='lat'>3843</span> <span class='ocrx_word' id='word_1_265' title='bbox 1302 3295 1417 3361; x_wconf 82' lang='lat' dir='ltr'>Teuffel,</span> 
     </span>
     <span class='ocr_line' id='line_1_31' title="bbox 197 3379 417 3451; baseline -0.005 -15"><span class='ocrx_word' id='word_1_266' title='bbox 197 3379 278 3436; x_wconf 76' lang='lat' dir='ltr'>Rhe</span> <span class='ocrx_word' id='word_1_267' title='bbox 294 3399 321 3451; x_wconf 93' lang='lat' dir='ltr'>p.</span> <span class='ocrx_word' id='word_1_268' title='bbox 339 3381 417 3436; x_wconf 77' lang='lat'>600⁴.</span> 
     </span>
    </p>

    <p class='ocr_par' dir='ltr' id='par_1_8' title="bbox 197 3466 1424 4312">
     <span class='ocr_line' id='line_1_32' title="bbox 284 3466 1419 3537; baseline 0.002 -17"><span class='ocrx_word' id='word_1_269' title='bbox 284 3466 307 3537; x_wconf 72' lang='lat'>⁹)</span> <span class='ocrx_word' id='word_1_270' title='bbox 325 3468 400 3535; x_wconf 90' lang='lat' dir='ltr'>quod</span> <span class='ocrx_word' id='word_1_271' title='bbox 417 3469 579 3523; x_wconf 81' lang='lat' dir='ltr'>observavit</span> <span class='ocrx_word' id='word_1_272' title='bbox 596 3469 685 3524; x_wconf 75' lang='lat' dir='ltr'>Meter</span> <span class='ocrx_word' id='word_1_273' title='bbox 702 3469 755 3522; x_wconf 89' lang='lat' dir='ltr'>hac</span> <span class='ocrx_word' id='word_1_274' title='bbox 773 3485 804 3522; x_wconf 86' lang='lat' dir='ltr'>re</span> <span class='ocrx_word' id='word_1_275' title='bbox 821 3467 935 3522; x_wconf 87' lang='lat' dir='ltr'>differre</span> <span class='ocrx_word' id='word_1_276' title='bbox 952 3467 1088 3537; x_wconf 83' lang='lat' dir='ltr'>Gorgiam</span> <span class='ocrx_word' id='word_1_277' title='bbox 1113 3469 1148 3521; x_wconf 88' lang='lat' dir='ltr'>ab</span> <span class='ocrx_word' id='word_1_278' title='bbox 1167 3469 1229 3521; x_wconf 88' lang='lat' dir='ltr'>aliis</span> <span class='ocrx_word' id='word_1_279' title='bbox 1247 3468 1419 3534; x_wconf 86' lang='lat' dir='ltr'>rhetoribus,</span> 
     </span>
     <span class='ocr_line' id='line_1_33' title="bbox 198 3553 1421 3625; baseline 0.002 -19"><span class='ocrx_word' id='word_1_280' title='bbox 198 3553 273 3624; x_wconf 83' lang='lat' dir='ltr'>quod</span> <span class='ocrx_word' id='word_1_281' title='bbox 294 3554 337 3606; x_wconf 91' lang='lat' dir='ltr'>illi</span> <span class='ocrx_word' id='word_1_282' title='bbox 354 3554 411 3606; x_wconf 89' lang='lat' dir='ltr'>iam</span> <span class='ocrx_word' id='word_1_283' title='bbox 435 3556 550 3625; x_wconf 88' lang='lat' dir='ltr'>vulgata</span> <span class='ocrx_word' id='word_1_284' title='bbox 574 3554 680 3610; x_wconf 89' lang='lat' dir='ltr'>decade</span> <span class='ocrx_word' id='word_1_285' title='bbox 704 3556 741 3608; x_wconf 91' lang='lat' dir='ltr'>ad</span> <span class='ocrx_word' id='word_1_286' title='bbox 763 3555 833 3608; x_wconf 89' lang='lat' dir='ltr'>alios</span> <span class='ocrx_word' id='word_1_287' title='bbox 855 3558 969 3624; x_wconf 87' lang='lat' dir='ltr'>praeter</span> <span class='ocrx_word' id='word_1_288' title='bbox 993 3557 1119 3608; x_wconf 88' lang='lat' dir='ltr'>oratores</span> <span class='ocrx_word' id='word_1_289' title='bbox 1140 3556 1294 3623; x_wconf 88' lang='lat' dir='ltr'>scriptores</span> <span class='ocrx_word' id='word_1_290' title='bbox 1324 3555 1392 3609; x_wconf 90' lang='lat' dir='ltr'>conf</span> <span class='ocrx_word' id='word_1_291' title='bbox 1411 3585 1421 3596; x_wconf 93' lang='lat'>·</span> 
     </span>
     <span class='ocr_line' id='line_1_34' title="bbox 197 3638 1421 3711; baseline 0.001 -18"><span class='ocrx_word' id='word_1_292' title='bbox 197 3640 304 3709; x_wconf 90' lang='lat' dir='ltr'>gerint,</span> <span class='ocrx_word' id='word_1_293' title='bbox 326 3641 415 3694; x_wconf 84' lang='lat' dir='ltr'>veluti</span> <span class='ocrx_word' id='word_1_294' title='bbox 433 3639 597 3695; x_wconf 88' lang='lat' dir='ltr'>Demetrius</span> <span class='ocrx_word' id='word_1_295' title='bbox 611 3641 806 3711; x_wconf 85' lang='lat' dir='ltr'>Hermogenes</span> <span class='ocrx_word' id='word_1_296' title='bbox 823 3641 970 3710; x_wconf 87' lang='lat' dir='ltr'>Longinus</span> <span class='ocrx_word' id='word_1_297' title='bbox 994 3642 1034 3710; x_wconf 75' lang='lat' dir='ltr'>(a.</span> <span class='ocrx_word' id='word_1_298' title='bbox 1054 3638 1138 3711; x_wconf 73' lang='grc' dir='ltr'><strong><em>ὕψους</em></strong></span> <span class='ocrx_word' id='word_1_299' title='bbox 1167 3642 1236 3695; x_wconf 90' lang='lat' dir='ltr'>dicit</span> <span class='ocrx_word' id='word_1_300' title='bbox 1256 3643 1421 3710; x_wconf 87' lang='lat' dir='ltr'>auctorem),</span> 
     </span>
     <span class='ocr_line' id='line_1_35' title="bbox 197 3727 1420 3797; baseline 0.001 -18"><span class='ocrx_word' id='word_1_301' title='bbox 197 3728 274 3780; x_wconf 88' lang='lat' dir='ltr'>nulla</span> <span class='ocrx_word' id='word_1_302' title='bbox 290 3743 407 3797; x_wconf 88' lang='lat' dir='ltr'>prorsus</span> <span class='ocrx_word' id='word_1_303' title='bbox 426 3727 481 3780; x_wconf 88' lang='lat' dir='ltr'>alia</span> <span class='ocrx_word' id='word_1_304' title='bbox 494 3728 614 3796; x_wconf 87' lang='lat' dir='ltr'>Gorgias</span> <span class='ocrx_word' id='word_1_305' title='bbox 633 3727 737 3781; x_wconf 88' lang='lat' dir='ltr'>habeat</span> <span class='ocrx_word' id='word_1_306' title='bbox 756 3728 884 3795; x_wconf 85' lang='lat' dir='ltr'>exempla</span> <span class='ocrx_word' id='word_1_307' title='bbox 897 3729 953 3782; x_wconf 89' lang='lat' dir='ltr'>nisi</span> <span class='ocrx_word' id='word_1_308' title='bbox 970 3732 1123 3792; x_wconf 88' lang='lat' dir='ltr'>oratorum,</span> <span class='ocrx_word' id='word_1_309' title='bbox 1142 3746 1199 3780; x_wconf 91' lang='lat' dir='ltr'>non</span> <span class='ocrx_word' id='word_1_310' title='bbox 1211 3746 1263 3797; x_wconf 92' lang='lat' dir='ltr'>ego</span> <span class='ocrx_word' id='word_1_311' title='bbox 1276 3729 1343 3781; x_wconf 90' lang='lat' dir='ltr'>inde</span> <span class='ocrx_word' id='word_1_312' title='bbox 1358 3745 1420 3782; x_wconf 88' lang='lat' dir='ltr'>cum</span> 
     </span>
     <span class='ocr_line' id='line_1_36' title="bbox 198 3811 1422 3882; baseline 0 -16"><span class='ocrx_word' id='word_1_313' title='bbox 198 3811 303 3866; x_wconf 81' lang='lat' dir='ltr'>Meiere</span> <span class='ocrx_word' id='word_1_314' title='bbox 316 3813 503 3868; x_wconf 87' lang='lat' dir='ltr'>concluserim</span> <span class='ocrx_word' id='word_1_315' title='bbox 517 3813 659 3882; x_wconf 75' lang='lat' dir='ltr'>Gorgiam,</span> <span class='ocrx_word' id='word_1_316' title='bbox 679 3814 703 3866; x_wconf 85' lang='lat' dir='ltr'>si</span> <span class='ocrx_word' id='word_1_317' title='bbox 716 3814 797 3866; x_wconf 87' lang='lat' dir='ltr'>decas</span> <span class='ocrx_word' id='word_1_318' title='bbox 813 3814 978 3878; x_wconf 84' lang='lat' dir='ltr'>exstitisset,</span> <span class='ocrx_word' id='word_1_319' title='bbox 992 3831 1053 3867; x_wconf 91' lang='lat' dir='ltr'>eam</span> <span class='ocrx_word' id='word_1_320' title='bbox 1065 3815 1213 3882; x_wconf 89' lang='lat' dir='ltr'>neglegere</span> <span class='ocrx_word' id='word_1_321' title='bbox 1228 3831 1280 3867; x_wconf 91' lang='lat' dir='ltr'>nec</span> <span class='ocrx_word' id='word_1_322' title='bbox 1293 3813 1422 3866; x_wconf 89' lang='lat' dir='ltr'>debuisse</span> 
     </span>
     <span class='ocr_line' id='line_1_37' title="bbox 199 3899 1420 3968; baseline 0.001 -16"><span class='ocrx_word' id='word_1_323' title='bbox 199 3915 249 3952; x_wconf 89' lang='lat' dir='ltr'>nec</span> <span class='ocrx_word' id='word_1_324' title='bbox 267 3900 409 3968; x_wconf 87' lang='lat' dir='ltr'>potuisse,</span> <span class='ocrx_word' id='word_1_325' title='bbox 432 3900 518 3953; x_wconf 92' lang='lat' dir='ltr'>immo</span> <span class='ocrx_word' id='word_1_326' title='bbox 538 3900 629 3952; x_wconf 89' lang='lat' dir='ltr'>solum</span> <span class='ocrx_word' id='word_1_327' title='bbox 647 3899 689 3964; x_wconf 92' lang='lat' dir='ltr'>id,</span> <span class='ocrx_word' id='word_1_328' title='bbox 713 3901 822 3953; x_wconf 88' lang='lat' dir='ltr'>rhetori</span> <span class='ocrx_word' id='word_1_329' title='bbox 847 3900 882 3953; x_wconf 89' lang='lat' dir='ltr'>ad</span> <span class='ocrx_word' id='word_1_330' title='bbox 904 3904 1056 3968; x_wconf 88' lang='lat' dir='ltr'>praecepta</span> <span class='ocrx_word' id='word_1_331' title='bbox 1082 3899 1224 3953; x_wconf 88' lang='lat' dir='ltr'>rhetorica</span> <span class='ocrx_word' id='word_1_332' title='bbox 1248 3900 1420 3953; x_wconf 90' lang='lat' dir='ltr'>testimoniis</span> 
     </span>
     <span class='ocr_line' id='line_1_38' title="bbox 199 3983 1421 4054; baseline 0 -17"><span class='ocrx_word' id='word_1_333' title='bbox 199 3983 390 4040; x_wconf 88' lang='lat' dir='ltr'>confirmanda</span> <span class='ocrx_word' id='word_1_334' title='bbox 413 3986 443 4039; x_wconf 91' lang='lat' dir='ltr'>in</span> <span class='ocrx_word' id='word_1_335' title='bbox 465 4003 522 4039; x_wconf 88' lang='lat' dir='ltr'>una</span> <span class='ocrx_word' id='word_1_336' title='bbox 546 3989 690 4039; x_wconf 88' lang='lat' dir='ltr'>oratorum</span> <span class='ocrx_word' id='word_1_337' title='bbox 714 3987 873 4040; x_wconf 90' lang='lat' dir='ltr'>elocutione</span> <span class='ocrx_word' id='word_1_338' title='bbox 903 4003 932 4038; x_wconf 84' lang='lat' dir='ltr'>se</span> <span class='ocrx_word' id='word_1_339' title='bbox 951 3987 1096 4039; x_wconf 89' lang='lat' dir='ltr'>continere</span> <span class='ocrx_word' id='word_1_340' title='bbox 1122 3985 1208 4039; x_wconf 89' lang='lat' dir='ltr'>fuisse</span> <span class='ocrx_word' id='word_1_341' title='bbox 1230 3986 1421 4054; x_wconf 66' lang='lat' dir='ltr'>propositum</span> 
     </span>
     <span class='ocr_line' id='line_1_39' title="bbox 198 4071 1422 4142; baseline -0.002 -16"><span class='ocrx_word' id='word_1_342' title='bbox 198 4076 325 4126; x_wconf 88' lang='lat' dir='ltr'>ceterum</span> <span class='ocrx_word' id='word_1_343' title='bbox 339 4071 446 4142; x_wconf 85' lang='lat' dir='ltr'>Gorgia</span> <span class='ocrx_word' id='word_1_344' title='bbox 464 4073 550 4126; x_wconf 88' lang='lat' dir='ltr'>etiam</span> <span class='ocrx_word' id='word_1_345' title='bbox 568 4072 742 4139; x_wconf 89' lang='lat' dir='ltr'>antiquiores</span> <span class='ocrx_word' id='word_1_346' title='bbox 754 4072 894 4138; x_wconf 87' lang='lat' dir='ltr'>rhetores,</span> <span class='ocrx_word' id='word_1_347' title='bbox 914 4089 983 4140; x_wconf 86' lang='lat' dir='ltr'>quos</span> <span class='ocrx_word' id='word_1_348' title='bbox 1008 4075 1146 4126; x_wconf 90' lang='lat' dir='ltr'>memorat</span> <span class='ocrx_word' id='word_1_349' title='bbox 1163 4071 1272 4125; x_wconf 83' lang='lat' dir='ltr'>Gornit&#39;.</span> <span class='ocrx_word' id='word_1_350' title='bbox 1290 4071 1335 4125; x_wconf 92' lang='lat' dir='ltr'>IV</span> <span class='ocrx_word' id='word_1_351' title='bbox 1353 4073 1377 4137; x_wconf 83' lang='lat'>5,</span> <span class='ocrx_word' id='word_1_352' title='bbox 1396 4073 1422 4137; x_wconf 87' lang='grc'>8,</span> 
     </span>
     <span class='ocr_line' id='line_1_40' title="bbox 198 4144 1424 4228; baseline -0.002 -16"><span class='ocrx_word' id='word_1_353' title='bbox 198 4158 233 4213; x_wconf 86' lang='lat' dir='ltr'>ah</span> <span class='ocrx_word' id='word_1_354' title='bbox 265 4158 395 4213; x_wconf 90' lang='lat' dir='ltr'>omnihus</span> <span class='ocrx_word' id='word_1_355' title='bbox 423 4144 582 4213; x_wconf 85' lang='lat' dir='ltr'>oratoribus</span> <span class='ocrx_word' id='word_1_356' title='bbox 608 4163 637 4212; x_wconf 93' lang='lat' dir='ltr'>et</span> <span class='ocrx_word' id='word_1_357' title='bbox 663 4160 756 4228; x_wconf 88' lang='lat' dir='ltr'>poetis</span> <span class='ocrx_word' id='word_1_358' title='bbox 786 4159 914 4228; x_wconf 89' lang='lat' dir='ltr'>exempla</span> <span class='ocrx_word' id='word_1_359' title='bbox 941 4160 1136 4226; x_wconf 74' lang='lat' dir='ltr'>sumpserunt,</span> <span class='ocrx_word' id='word_1_360' title='bbox 1164 4158 1197 4211; x_wconf 89' lang='lat' dir='ltr'>cf.</span> <span class='ocrx_word' id='word_1_361' title='bbox 1224 4159 1310 4212; x_wconf 87' lang='lat' dir='ltr'>etiam</span> <span class='ocrx_word' id='word_1_362' title='bbox 1334 4157 1424 4212; x_wconf 86' lang='lat' dir='ltr'>Rutil.</span> 
     </span>
     <span class='ocr_line' id='line_1_41' title="bbox 201 4248 679 4312; baseline -0.004 -12"><span class='ocrx_word' id='word_1_363' title='bbox 201 4248 224 4312; x_wconf 92' lang='lat' dir='ltr'>l,</span> <span class='ocrx_word' id='word_1_364' title='bbox 243 4248 268 4302; x_wconf 88' lang='lat'>6.</span> <span class='ocrx_word' id='word_1_365' title='bbox 287 4248 311 4298; x_wconf 87' lang='grc'>8.</span> <span class='ocrx_word' id='word_1_366' title='bbox 677 4254 679 4258; x_wconf 82' lang='grc'>’</span> 
     </span>
    </p>

    <p class='ocr_par' dir='ltr' id='par_1_9' title="bbox 199 4328 1426 4572">
     <span class='ocr_line' id='line_1_42' title="bbox 289 4328 1424 4400; baseline -0.003 -15"><span class='ocrx_word' id='word_1_367' title='bbox 289 4329 311 4400; x_wconf 82' lang='lat'>³)</span> <span class='ocrx_word' id='word_1_368' title='bbox 329 4347 386 4384; x_wconf 92' lang='lat' dir='ltr'>non</span> <span class='ocrx_word' id='word_1_369' title='bbox 404 4332 473 4384; x_wconf 89' lang='lat' dir='ltr'>satis</span> <span class='ocrx_word' id='word_1_370' title='bbox 492 4331 615 4384; x_wconf 87' lang='lat' dir='ltr'>adhaec</span> <span class='ocrx_word' id='word_1_371' title='bbox 633 4331 721 4384; x_wconf 88' lang='lat' dir='ltr'>verba</span> <span class='ocrx_word' id='word_1_372' title='bbox 738 4330 863 4384; x_wconf 88' lang='lat' dir='ltr'>attendit</span> <span class='ocrx_word' id='word_1_373' title='bbox 880 4328 976 4395; x_wconf 85' lang='lat' dir='ltr'>Meier,</span> <span class='ocrx_word' id='word_1_374' title='bbox 995 4329 1042 4398; x_wconf 93' lang='lat' dir='ltr'>qui</span> <span class='ocrx_word' id='word_1_375' title='bbox 1062 4328 1232 4395; x_wconf 86' lang='lat' dir='ltr'>Dionysium</span> <span class='ocrx_word' id='word_1_376' title='bbox 1257 4345 1315 4381; x_wconf 92' lang='lat' dir='ltr'>non</span> <span class='ocrx_word' id='word_1_377' title='bbox 1333 4328 1374 4381; x_wconf 90' lang='lat' dir='ltr'>ita</span> <span class='ocrx_word' id='word_1_378' title='bbox 1394 4346 1424 4382; x_wconf 89' lang='lat' dir='ltr'>se</span> 
     </span>
     <span class='ocr_line' id='line_1_43' title="bbox 200 4414 1425 4485; baseline -0.006 -12"><span class='ocrx_word' id='word_1_379' title='bbox 200 4419 287 4473; x_wconf 86' lang='lat' dir='ltr'>fuisse</span> <span class='ocrx_word' id='word_1_380' title='bbox 305 4418 478 4472; x_wconf 87' lang='lat' dir='ltr'>iactaturum</span> <span class='ocrx_word' id='word_1_381' title='bbox 496 4418 545 4483; x_wconf 88' lang='lat' dir='ltr'>ait,</span> <span class='ocrx_word' id='word_1_382' title='bbox 565 4419 589 4471; x_wconf 91' lang='lat' dir='ltr'>si</span> <span class='ocrx_word' id='word_1_383' title='bbox 608 4417 705 4470; x_wconf 88' lang='lat' dir='ltr'>eadem</span> <span class='ocrx_word' id='word_1_384' title='bbox 722 4417 868 4485; x_wconf 85' lang='lat' dir='ltr'>provincia</span> <span class='ocrx_word' id='word_1_385' title='bbox 895 4415 951 4468; x_wconf 89' lang='lat' dir='ltr'>iam</span> <span class='ocrx_word' id='word_1_386' title='bbox 970 4416 1090 4469; x_wconf 88' lang='lat' dir='ltr'>aliorum</span> <span class='ocrx_word' id='word_1_387' title='bbox 1109 4414 1218 4468; x_wconf 86' lang='lat' dir='ltr'>suisset.</span> <span class='ocrx_word' id='word_1_388' title='bbox 1253 4431 1319 4466; x_wconf 91' lang='lat' dir='ltr'>nam</span> <span class='ocrx_word' id='word_1_389' title='bbox 1337 4414 1425 4466; x_wconf 91' lang='lat' dir='ltr'>mani-</span> 
     </span>
     <span class='ocr_line' id='line_1_44' title="bbox 199 4500 1426 4572; baseline -0.006 -12"><span class='ocrx_word' id='word_1_390' title='bbox 199 4507 273 4561; x_wconf 83' lang='lat' dir='ltr'>festo</span> <span class='ocrx_word' id='word_1_391' title='bbox 292 4505 455 4572; x_wconf 82' lang='lat' dir='ltr'>Dionysius,</span> <span class='ocrx_word' id='word_1_392' title='bbox 474 4503 618 4572; x_wconf 90' lang='lat' dir='ltr'>ceteroqui</span> <span class='ocrx_word' id='word_1_393' title='bbox 640 4502 756 4557; x_wconf 90' lang='lat' dir='ltr'>nonita</span> <span class='ocrx_word' id='word_1_394' title='bbox 774 4505 921 4558; x_wconf 87' lang='lat' dir='ltr'>accuratus</span> <span class='ocrx_word' id='word_1_395' title='bbox 944 4504 975 4555; x_wconf 92' lang='lat' dir='ltr'>in</span> <span class='ocrx_word' id='word_1_396' title='bbox 992 4501 1155 4556; x_wconf 87' lang='lat' dir='ltr'>auctoribus</span> <span class='ocrx_word' id='word_1_397' title='bbox 1178 4500 1378 4568; x_wconf 89' lang='lat' dir='ltr'>conquirendis</span> <span class='ocrx_word' id='word_1_398' title='bbox 1396 4503 1426 4554; x_wconf 91' lang='lat' dir='ltr'>et</span> 
     </span>
    </p>
   </div>
   <div class='ocr_carea' id='block_1_5' title="bbox 1235 4603 1272 4654">
    <p class='ocr_par' dir='ltr' id='par_1_10' title="bbox 1235 4603 1272 4654">
     <span class='ocr_line' id='line_1_45' title="bbox 1235 4603 1272 4654; baseline 0 -18"><span class='ocrx_word' id='word_1_399' title='bbox 1235 4603 1272 4654; x_wconf 62' lang='lat'>28</span> 
     </span>
    </p>
   </div>
   <div class='ocr_carea' id='block_1_6' title="bbox 0 0 1695 5216">
    <p class='ocr_par' dir='ltr' id='par_1_11' title="bbox 0 0 1695 5216">
     <span class='ocr_line' id='line_1_46' title="bbox 0 0 1695 5216; baseline 0 0"><span class='ocrx_word' id='word_1_400' title='bbox 0 0 1695 5216; x_wconf 95' lang='lat' dir='ltr'> </span> 
     </span>
    </p>
   </div>
  </div>
 </body>
</html>
