3362 5216
779 276 818 340 67

195 485 422 571 Carystium1),
445 505 540 567 quem
558 483 699 567 Lyconis
714 483 925 567 Peripatetici
948 482 1123 548 dictionem
1143 483 1238 547 nimis
1254 477 1413 546 Asianam

196 593 353 674 carpsisse
383 589 553 654 adnotavit
575 587 791 651 Wilamowitz
819 610 850 670 p.
876 591 926 667 79,
966 588 1021 669 qui
1055 587 1095 651 de
1125 585 1287 667 Antigoni
1315 586 1416 668 ipsius

196 695 375 760 elocutione
398 692 587 756 Atticorum
617 691 770 755 similiore
798 713 829 774 p.
854 695 894 752 80
916 710 1021 773 pauca
1044 691 1209 755 adnexuit.
1259 690 1328 754 eius
1350 687 1417 752 fere

196 798 364 881 aequalem
385 794 570 860 Neanthom
594 793 802 876 Cyzicenum,
836 794 923 876 quod
946 791 1022 877 περὶ
1044 788 1235 880 κακοζηλίας
1255 794 1419 878 ῥητορικῆς

192 901 339 966 libellum
362 899 552 982 composuit,
575 897 773 962 Asianorum
797 903 983 980 corruptam
1006 896 1220 962 elocutionem
1236 895 1418 978 exagitasse

197 1009 296 1088 patet.
343 1025 406 1086 quo
433 1004 502 1066 iure
525 1001 733 1084 Diophanem
755 1000 988 1082 Mytilenaeum
1016 1001 1079 1065 huc
1101 1001 1254 1080 referam,
1282 1003 1419 1063 nonest

197 1109 229 1172 in
251 1106 405 1183 obscur03
429 1105 496 1169 veri
518 1105 602 1168 enim
625 1110 675 1168 est
698 1105 896 1168 simillimum
916 1104 1147 1188 Mytilenaeum
1169 1123 1189 1166 a
1208 1086 1419 1184 Pergamenis

199 1211 309 1274 vicinis
332 1207 520 1272 Atticorum
549 1207 656 1271 studio
679 1228 748 1270 esse
771 1206 940 1271 imbutum.
986 1208 1042 1272 sed
1065 1207 1143 1289 quid
1167 1228 1246 1289 opus
1268 1211 1317 1269 est
1339 1205 1420 1268 haec

198 1314 372 1377 remotiora
393 1310 593 1392 conquirere,
617 1331 689 1375 cum
710 1316 842 1393 praesto
865 1312 906 1374 sit
920 1310 1210 1374 luculentissimum
1225 1306 1421 1391 Apollodori

199 1413 392 1498 Pergameni
405 1411 609 1495 exemplum?
632 1434 728 1496 quem
740 1412 927 1478 Atticorum
943 1434 1088 1478 severum
1104 1418 1299 1476 sectatorem
1311 1411 1419 1489 fuisse,

199 1524 236 1583 ut
251 1523 339 1582 certa
355 1515 580 1580 tantummodo
597 1523 789 1598 argumenta
805 1517 976 1598 conligam,
1001 1522 1100 1580 testes
1116 1522 1192 1580 sunt
1208 1514 1364 1593 Calidius,
1387 1515 1420 1576 in

200 1643 262 1704 quo
285 1635 349 1685 uno
366 1617 481 1684 Cicero
498 1619 593 1683 Brut.
611 1624 780 1684 274--279
800 1624 904 1683 tetam
919 1618 1117 1703 Apollodori
1132 1639 1279 1683 normam
1293 1616 1422 1681 videtur

201 1721 445 1808 descripsissel),
458 1721 635 1806 Dionysius
647 1728 680 1787 et
690 1721 864 1806 Vipsanius
877 1723 1026 1806 discipuli
1034 1722 1221 1785 Atticorum
1233 1720 1422 1802 cognomine

202 1827 316 1906 ornati,
341 1824 518 1906 Caecilius,
544 1827 583 1890 de
606 1847 670 1909 quo
693 1847 792 1908 supra
814 1827 997 1890 accuratius
1021 1825 1265 1908 disputavimus,
1290 1822 1421 1901 Caesar,

201 1930 287 2014 apud
298 1951 395 2012 quem
406 1930 491 1993 inter
502 1930 668 1994 Romanos
681 1923 903 1994 drasaoiruaov
915 1926 1138 2012 Apollodorus
1153 1927 1328 2011 plurimum
1340 1925 1424 1989 vale-

200 2033 267 2113 bat,
278 2035 458 2115 Augustus,
470 2052 533 2115 quo
543 2035 737 2114 imperatore
745 2033 934 2098 Atticorum
944 2031 1165 2097 amantissimo
1174 2030 1213 2096 de
1223 2029 1424 2113 principatus

288 2220 309 2288 1)
329 2226 387 2272 tres
401 2221 562 2289 Antigonos
581 2239 648 2274 num
666 2221 726 2274 iure
738 2220 927 2274 Wilamowitz
945 2238 1032 2273 unum
1045 2220 1220 2295 eundemque
1238 2216 1324 2270 fuisse
1337 2219 1424 2270 statu·

204 2307 266 2370 erit,
280 2323 343 2359 cum
357 2307 424 2358 satis
435 2307 470 2359 sit
483 2307 598 2360 difficile
610 2307 646 2360 ad
660 2307 878 2371 diiudicandum,
889 2324 940 2376 ego
951 2307 979 2358 in
989 2307 1082 2360 medio
1092 2307 1235 2373 relinqu03
1247 2305 1425 2356 Hermannus

205 2393 317 2460 quidem
335 2392 413 2446 Diels
435 2397 528 2446 cetera
547 2394 605 2445 eius
619 2394 740 2457 ‚inventa
759 2394 833 2445 iusta
846 2393 929 2446 laude
940 2394 1106 2461 praedicans
1119 2392 1170 2443 hac
1182 2391 1243 2459 ipsa
1256 2391 1290 2444 de
1304 2408 1333 2443 re
1345 2391 1425 2442 dubi·

204 2480 326 2554 tationes
341 2479 431 2531 movit
445 2477 533 2548 (DLZ
543 2481 609 2532 1882
624 2497 650 2534 n.
662 2481 729 2549 l7p.
741 2482 864 2548 604sq.).
898 2479 1116 2534 Wilamowitzio
1133 2482 1247 2531 auctore
1264 2478 1426 2547 Antigonus

206 2566 297 2620 Attali
315 2565 331 2618 1
355 2569 448 2618 aetate
472 2568 570 2634 (241-
585 2567 646 2635 197)
670 2583 755 2620 senex
773 2567 903 2636 Pergami
926 2566 1063 2635 degebat;
1087 2565 1162 2617 idem
1179 2564 1213 2617 R.
1233 2564 1367 2632 Kcepke,
1391 2564 1427 2616 de

206 2653 351 2722 Antigono
371 2653 510 2719 Carystio,
529 2653 596 2705 diss.
614 2652 708 2705 Berol.
729 2655 796 2705 1862
814 2671 840 2720 p.
860 2655 875 2704 2
895 2651 1050 2716 contendit,
1069 2651 1249 2720 Antigonum
1268 2650 1428 2717 Caryatium

208 2739 344 2791 celebrem
374 2739 461 2792 fuisse
489 2743 566 2792 ratus
593 2739 736 2808 Euergeta
763 2743 791 2792 et
816 2738 1000 2807 Philopatore
1026 2737 1197 2790 Ptolomaeis
1225 2737 1339 2805 regibus
1361 2737 1378 2789 i.
1404 2754 1427 2788 e.

209 2842 231 2878 c.
248 2827 410 2891 aec-200,
435 2843 450 2878 a
469 2843 522 2894 quo
540 2829 636 2879 tamen
660 2826 803 2879 diversum
821 2826 906 2879 fuisse
925 2826 1007 2878 duxit
1025 2823 1203 2893 Antigonum
1221 2823 1428 2892 Pergamenum

210 2913 390 2978 statuarium;
410 2911 484 2964 circa
503 2912 578 2964 idem
597 2897 709 2980 teinpus
736 2914 904 2966 statuarium
923 2912 1009 2966 fuisse
1028 2930 1090 2966 cum
1109 2911 1235 2980 Silligio,
1254 2911 1334 2964 catal.
1353 2910 1427 2962 artis.

210 3017 236 3066 p.
249 3001 282 3051 53
296 2999 477 3052 consentiunt
489 2997 608 3066 Kcepke
622 2999 790 3052 Soheurleer
802 3001 849 3070 (de
861 2999 942 3053 Dem.
956 2999 1049 3068 Magn.
1067 3017 1094 3067 p.
1113 3001 1146 3050 30
1163 3001 1215 3068 sq.)
1228 2998 1428 3065 Wilamowitz;

211 3086 241 3137 in
260 3085 354 3137 Attali
371 3085 458 3154 primi
477 3089 506 3137 et
524 3086 641 3138 alterius
659 3085 795 3139 Eumenis
815 3089 952 3150 aetatem,
972 3086 1019 3152 qui
1039 3086 1114 3138 eirca
1133 3087 1183 3139 170
1201 3085 1297 3138 Gallos
1314 3103 1430 3153 prorsus

211 3171 316 3224 devicit
344 3175 372 3224 et
391 3170 486 3239 fregit,
505 3171 637 3223 statuarii
655 3171 753 3224 florem
771 3172 903 3224 incidisse
923 3189 1043 3240 eumque
1062 3173 1148 3225 etiam
1166 3175 1233 3241 post
1254 3173 1301 3224 167
1326 3171 1430 3224 vixisse

212 3257 342 3326 Brieger,
367 3257 401 3310 de
428 3259 498 3311 sont.
518 3257 591 3310 Plin.
611 3275 638 3325 p.
658 3259 692 3309 30
710 3275 750 3325 sq.
770 3262 799 3312 et
815 3257 867 3310 sd.
887 3257 990 3324 Meier,
1014 3258 1097 3327 Perg.
1116 3257 1206 3312 Reich
1225 3277 1252 3326 p.
1272 3260 1306 3311 70
1324 3259 1431 3312 maiore

212 3348 282 3412 puto
300 3343 504 3412 probabilitate
518 3344 767 3410 adseveraverunt3
787 3344 821 3398 cf.
842 3344 929 3396 etiam
943 3343 1057 3410 Preller,
1076 3344 1181 3398 Polem.
1201 3344 1254 3413 frg.
1273 3363 1299 3412 p.
1318 3346 1352 3398 97
1370 3362 1431 3412 sqq.

211 3432 318 3497 Brunn,
333 3431 406 3500 egK
418 3431 434 3484 1
446 3432 506 3495 442,
526 3448 696 3498 quamquam
715 3431 841 3486 Eumene
859 3432 954 3499 priore
967 3437 995 3484 et
1008 3431 1106 3484 Attalo
1119 3432 1295 3500 Antigonum
1308 3433 1432 3501 viguisse

213 3518 272 3572 veri
296 3509 357 3572 esse
384 3519 476 3571 simile
504 3518 636 3584 coniecit,
666 3518 804 3572 concessit
831 3522 926 3571 tamen
951 3523 979 3571 et
1001 3520 1062 3587 ipse
1079 3535 1163 3587 posse
1182 3519 1318 3584 dubitari,
1336 3523 1433 3572 utrum

212 3605 336 3674 priorem
359 3622 395 3657 an
420 3607 541 3659 alterum
565 3605 722 3658 Eumenem
746 3605 855 3658 Plinius
883 3607 925 3671 38,
943 3608 990 3671 84,
1020 3623 1053 3658 ex
1081 3625 1135 3674 quo
1163 3607 1291 3674 quaestio
1318 3606 1433 3673 pendet,

214 3693 391 3760 spectaverit.

299 3777 322 3847 ἓ)
342 3795 376 3830 ex
400 3794 430 3830 re
453 3777 646 3830 videturesse
664 3793 753 3844 pauca
771 3777 817 3830 hic
835 3795 869 3830 ex
889 3778 1025 3832 Cicerone
1044 3784 1185 3847 repetere,
1216 3779 1263 3847 qui
1281 3781 1435 3846 postquam

217 3865 318 3918 Calidii
338 3865 497 3917 orationem
515 3881 624 3931 puram,
644 3863 799 3916 artificiose
818 3866 1010 3931 compositam,
1030 3866 1178 3919 astrictam
1197 3865 1334 3930 numeris,
1352 3865 1434 3917 lumi-

215 3951 295 4003 nibus
312 3951 478 4003 distinctam
492 3949 647 4003 admiratus
661 3949 833 4017 cumquest>
847 3951 1004 4024 κρινόμενον
1015 3953 1063 4005 ubi
1077 3959 1159 4018 esset,
1173 3953 1245 4006 bene
1257 3952 1436 4021 perspexisse
1523 3935 1526 3942 ¹

216 4036 355 4104 professus
381 4041 436 4102 est,
460 4037 528 4090 haec
552 4037 682 4105 adiungit
705 4037 721 4106 ξ
744 4039 807 4089 276:
836 4038 996 4102 ,accedebat
1022 4039 1090 4093 ordo
1113 4058 1210 4093 rerum
1232 4041 1333 4108 plenus
1357 4039 1435 4102 artis,

218 4123 291 4176 actio
315 4124 441 4176 liberalis
464 4128 614 4192 totumque
639 4123 752 4176 dicendi
776 4124 919 4192 placidum
943 4129 972 4177 et
997 4142 1095 4179 sanum
1116 4143 1204 4196 genus
1228 4167 1284 4180 ...
1308 4127 1385 4194 (cum
1408 4128 1437 4176 et

218 4209 318 4262 docere
340 4213 369 4262 et
389 4211 531 4264 delectare
550 4211 659 4279 optime
676 4212 785 4279 posset)
809 4211 907 4264 aberat
929 4213 1015 4264 tertia
1033 4213 1082 4265 illa
1100 4214 1168 4278 laus,
1186 4231 1241 4281 qua
1258 4215 1437 4281 permoveret

221 4299 302 4363 atque
323 4295 457 4350 incitaret
475 4297 584 4350 animos
604 4338 652 4352 ...
671 4313 724 4350 nec
743 4301 803 4350 erat
821 4298 880 4350 ulla
897 4299 938 4351 vis
957 4303 1041 4366 atque
1059 4301 1214 4366 contentio,
1234 4301 1293 4353 sive
1312 4299 1437 4363 consilia,

223 4384 298 4450 quod
317 4401 377 4448 eos,
397 4400 516 4449 quorum
536 4384 619 4437 altior
638 4385 728 4438 oratic
747 4383 878 4451 actioque
896 4388 969 4438 esset
986 4385 1145 4452 ardentior,
1162 4387 1255 4440 furere
1273 4389 1357 4454 atque
1375 4386 1438 4438 bac-

221 4469 296 4522 chari
319 4469 520 4536 arbitraretur,
546 4471 603 4524 sive
629 4470 703 4539 quod
726 4476 827 4524 natura
853 4487 911 4524 non
933 4475 1009 4524 esset
1026 4472 1065 4525 ita
1083 4472 1186 4538 factus,
1209 4472 1270 4526 sive
1288 4473 1363 4538 quod
1381 4489 1439 4524 non

223 4560 384 4612 consuesset
403 4563 471 4626 sqq}

1250 4659 1287 4714 5*
