3362 5216
836 275 876 352 se

246 487 421 582 φιλόσοφοί
453 517 488 559 τε
523 490 580 558 καί
617 492 742 581 ῥίγτορες
778 493 983 576 eloquentiae
1019 489 1173 556 studiosis
1207 493 1391 579 exemplum
1427 491 1469 560 ad

247 598 439 662 imitandum
461 591 701 682 proposuerunt
724 597 835 682 (Dion.
860 596 900 660 de
916 595 1019 660 Thuc.
1041 595 1115 659 hist.
1140 599 1162 658 2
1182 617 1213 678 p.
1229 601 1291 662 812
1315 620 1378 681 sq.;
1403 597 1470 664 Oic.

246 721 292 764 or.
316 705 356 764 30
378 701 475 786 sqq),
499 701 567 765 eius
590 696 769 785 ἐπιτάφιος
792 695 984 786 περιβόητος
1006 705 1077 764 erat
1100 698 1212 782 (Dion.
1236 698 1278 763 ib.
1299 705 1338 764 18
1360 722 1391 783 p.
1407 705 1469 764 849

246 800 343 887 sqq),
368 797 555 890 δημηγορίαι
576 801 751 882 habebant,
775 822 795 866 a
818 803 936 884 quibus
959 801 1091 866 summis
1113 800 1264 866 laudibus
1279 800 1471 867 efferrentur

239 905 305 988 (34
332 926 363 988 p.
395 909 472 982 8973
504 902 542 967 cf.
573 902 641 969 Oic.
672 904 768 970 Brut.
798 905 891 990 287),
920 904 1086 986 dialogum
1113 904 1199 968 inter
1220 903 1470 969 Atheniensium

245 1006 360 1070 ducem
390 1019 424 1071 et
454 1006 568 1070 Melies
595 1003 738 1087 μάλιστα
768 1005 959 1072 ε’παινοῦοιν
988 1001 1018 1070 ol
1047 1007 1105 1069 τοῦ
1132 1009 1328 1093 χαρακτῆρος
1356 1004 1469 1070 τούτου

243 1104 435 1190 θαυμασταί
468 1108 579 1193 (Dion.
608 1108 651 1173 ih.
676 1113 716 1172 37
744 1132 775 1193 p.
800 1115 888 1196 006),
920 1129 1121 1194 quamquam
1145 1130 1209 1173 non
1232 1108 1383 1190 deerant,
1414 1109 1469 1191 qui

244 1232 318 1275 eum
357 1211 456 1276 etiam
491 1211 766 1294 reprehenderent
806 1212 841 1298 (9
878 1234 909 1294 p.
947 1217 1009 1276 825
1038 1232 1085 1294 sq.
1126 1215 1164 1274 10
1204 1234 1235 1294 p.
1271 1215 1333 1275 830
1365 1211 1467 1295 sqq.);

244 1313 393 1378 Platonis
434 1318 543 1377 autem
576 1309 756 1400 ἐπιτάφιον
794 1336 818 1379 s.
849 1311 1028 1394 Μενέξενον
1062 1315 1128 1377 iam
1163 1319 1240 1378 ante
1277 1314 1468 1396 Dionysium

244 1417 338 1480 multi
362 1417 465 1481 critici
488 1416 715 1497 observabant,
739 1423 898 1500 erantque
921 1417 1050 1480 omnino
1072 1417 1229 1496 rhetores,
1253 1416 1371 1498 quibus
1394 1416 1469 1480 Pla-

243 1520 328 1584 tonis
352 1518 480 1583 dicendi
502 1541 602 1601 genus
624 1519 829 1602 probaretur,
854 1525 947 1585 erant
968 1519 1087 1602 quibus
1106 1518 1292 1600 displiceret
1315 1517 1398 1604 (Oic.
1422 1539 1466 1583 or.

244 1625 314 1686 151.
346 1626 402 1701 67;
443 1621 541 1686 Dion.
577 1622 617 1686 de
645 1623 730 1698 adm.
760 1622 791 1686 vi
818 1623 879 1687 dic.
909 1622 1005 1686 Dem.
1035 1627 1075 1685 23
1105 1644 1136 1705 p.
1172 1625 1263 1686 1024.
1299 1625 1397 1699 1026;
1426 1625 1466 1684 22

243 1744 275 1806 p.
295 1728 387 1788 1035.
414 1727 513 1804 1043;
546 1729 586 1788 30
608 1748 639 1809 p.
664 1729 766 1804 10443,
788 1729 828 1788 32
851 1745 883 1807 p.
909 1728 1006 1800 1057;
1031 1723 1070 1788 de
1094 1724 1172 1788 Din.
1196 1728 1216 1787 8
1244 1746 1275 1807 p.
1301 1725 1388 1808 645).
1433 1729 1467 1787 at

244 1826 376 1890 canonis
400 1833 515 1891 auctor
538 1831 570 1892 et
592 1827 783 1892 historicum
806 1832 838 1890 et
861 1825 1091 1909 philosophum
1113 1826 1249 1890 exclusit
1270 1826 1399 1906 iisdem,
1431 1831 1468 1889 nt

243 1928 387 2007 videtur,
419 1934 519 2011 atque
548 1927 663 1994 Oicero
692 1930 801 2014 (Brut.
826 1935 887 1993 287
896 1953 903 2008 ;
935 1949 980 1992 or.
1005 1931 1056 1992 30.
1080 1932 1121 1992 62
1144 1950 1216 2011 sqq.
1241 1933 1291 1992 66.
1319 1933 1394 2007 151;
1426 1928 1465 1991 de

244 2039 311 2114 opt.
346 2053 418 2114 gen.
442 2053 488 2096 or.
518 2035 557 2095 15
585 2037 646 2114 sq.)
675 2038 708 2097 et
735 2032 911 2114 Dionysius
940 2030 995 2116 (de
1023 2028 1126 2094 Thuc.
1155 2031 1229 2094 hist.
1259 2035 1299 2094 50
1333 2053 1364 2114 p.
1395 2034 1467 2093 930.

243 2139 283 2198 55
308 2156 339 2216 p.
365 2138 443 2213 9523
474 2133 514 2197 de
542 2133 626 2198 adm.
650 2135 681 2197 vi
703 2135 763 2199 dic.
787 2134 882 2198 Dem.
906 2137 945 2197 23
969 2154 1000 2215 p.
1027 2135 1124 2218 1024)
1148 2138 1254 2198 motus
1276 2132 1466 2198 rationibus.

243 2257 344 2319 quare
371 2237 457 2320 ipsos
486 2237 805 2320 oratores-quidque
834 2236 874 2301 de
904 2236 943 2299 iis
971 2255 1148 2318 eorumque
1172 2235 1373 2300 orationibus
1399 2255 1468 2300 sen-

243 2339 344 2403 serint
373 2338 492 2420 critici,
517 2339 691 2404 videamus.
736 2337 869 2403 fuerunt
891 2359 984 2419 sane,
1008 2359 1089 2421 quos
1111 2337 1210 2402 Dion.
1234 2337 1276 2402 ad
1298 2337 1407 2402 Amin.
1430 2339 1468 2402 ΙΙ

244 2447 260 2505 1
292 2464 323 2524 p.
356 2445 417 2504 788
449 2463 495 2524 sq.
528 2443 624 2523 citat,
654 2439 713 2515 τὰς
743 2438 855 2521 τέχνας
891 2439 946 2505 καί
975 2439 1035 2518 τὰς
1064 2435 1243 2524 εἰσαγωγὰς
1272 2443 1337 2503 τῶν
1366 2438 1468 2525 λόγιον

244 2541 543 2628 πραγματευόμενοι
570 2545 636 2607 iam
664 2549 739 2608 ante
766 2565 839 2608 eum
869 2565 974 2626 neque
996 2543 1115 2608 diuersi
1137 2542 1178 2607 ab
1200 2545 1240 2607 iis
1263 2550 1355 2607 crant
1377 2540 1467 2628 φιλό-

241 2647 344 2730 λογοι,
373 2668 454 2728 quos
483 2647 666 2711 oratoribus
695 2647 841 2710 criticam
870 2667 1003 2728 operam
1030 2647 1226 2730 impendisse
1252 2646 1338 2710 idem
1365 2647 1468 2710 tradit

242 2751 282 2815 de
304 2751 381 2833 Lys.
406 2755 426 2812 8
449 2771 480 2832 p.
503 2753 583 2825 4683
614 2749 653 2813 de
682 2771 783 2832 comp.
807 2749 895 2812 verb.
920 2771 946 2812 c.
968 2752 1008 2812 25
1031 2771 1063 2832 p.
1088 2753 1150 2813 208
1173 2772 1235 2833 sq.;
1266 2749 1306 2813 de
1329 2748 1414 2812 adm.
1438 2748 1468 2810 vi

241 2854 302 2918 dic.
331 2854 425 2918 Dem.
457 2857 497 2916 23
524 2875 554 2936 p.
581 2856 678 2930 1024,
706 2852 746 2916 de
769 2851 872 2915 Thus.
896 2851 972 2915 hist.
996 2857 1014 2914 2
1038 2874 1069 2934 p.
1093 2855 1157 2915 814
1179 2851 1234 2936 (cf.
1259 2856 1299 2916 25
1322 2875 1353 2936 p.
1377 2855 1465 2938 871).

243 2957 308 3020 iam
339 2963 415 3020 ante
439 2954 628 3020 Ciceronem
652 2977 690 3020 ex
713 2953 915 3020 Graecorum
945 2960 1112 3018 oratorum
1141 2954 1270 3037 scriptis
1300 2956 1466 3038 ,cuiusque

243 3059 361 3122 aetatis
395 3079 479 3140 quae
514 3058 640 3123 dicendi
675 3058 759 3122 ratio
792 3057 1007 3138 voluntasque
1040 3055 1149 3122 fuerit‘
1183 3057 1385 3123 intellectum
1419 3065 1468 3123 est

243 3159 325 3244 (Oic.
358 3160 398 3224 de
429 3182 474 3226 or.
498 3162 537 3226 ΙΙ
565 3165 605 3224 02
629 3183 717 3244 sqq.;
746 3161 842 3224 Brut.
866 3159 931 3245 52).
977 3158 1035 3223 sed
1056 3165 1094 3223 ut
1114 3160 1180 3225 iam
1203 3160 1245 3224 ad
1268 3161 1396 3244 singula
1416 3183 1466 3226 me

243 3270 442 3344 convertam,
470 3263 631 3328 Dinarchi
666 3269 780 3328 contra
802 3262 1058 3327 Demosthenem
1085 3263 1263 3328 orationem
1285 3265 1379 3328 reicit
1400 3264 1466 3330 De-

241 3367 375 3430 metrius
398 3367 534 3448 Magnes
556 3367 667 3451 (Dion.
685 3366 725 3430 de
740 3367 816 3431 Din.
837 3371 898 3449 lp,
912 3365 989 3450 632)
1014 3365 1124 3429 dicens
1147 3360 1273 3452 εὐήθεις
1296 3355 1468 3440 εἶναιτοὺς

242 3464 472 3552 ’ὑπολαβόντας
492 3467 550 3535 τὸν
572 3468 656 3536 κατὰ
669 3466 899 3557 Δημοσθένους
922 3459 1003 3532 εἶναι
1018 3464 1149 3549 codron,-
1171 3470 1294 3534 multae
1309 3469 1468 3534 Dinarchi

244 3573 408 3637 orationes
438 3566 624 3656 Ὑπερείδου
652 3568 766 3653 ἔδοξάν
797 3593 866 3636 τισι
895 3562 977 3636 εἶναι
1009 3571 1066 3656 (ib.
1099 3593 1126 3636 ο.
1157 3576 1176 3635 6
1205 3594 1236 3655 p.
1260 3572 1353 3658 641),
1381 3571 1468 3636 unde

243 3675 441 3758 explicatur,
470 3695 528 3739 cnr
558 3675 745 3740 Dinarchus
767 3673 971 3758 Hyperidem
993 3674 1101 3757 gratia
1123 3674 1258 3758 adsequi
1280 3674 1464 3755 dicebatur,

242 3777 390 3842 videlieet
402 3777 580 3862 Hyperidis
596 3784 628 3843 et
640 3778 801 3843 Dinarchi
817 3778 980 3842 orationes
995 3775 1139 3841 nondum
1155 3777 1307 3842 distinete
1323 3778 1467 3842 dinosce-

241 3881 370 3946 bantur.
415 3881 534 3964 Lysiae
556 3879 649 3965 λόγον
673 3878 757 3968 πρὸς
774 3876 943 3964 Ἁρμόδιον
967 3905 1004 3944 π.
1015 3874 1217 3966 Ἰφικράτους
1240 3879 1366 3967 δωρεῶν
1380 3881 1467 3946 'Dio-

243 3985 354 4067 nysius
379 3983 434 4069 (de
457 3983 534 4068 Lys.
553 3989 591 4048 12
607 4007 638 4068 p.
654 3985 733 4069 478)
756 3985 875 4049 falsum
897 3985 1030 4065 iudicat,
1053 3974 1089 4048 ὃν
1111 3973 1171 4046 οἶδ’
1196 3980 1249 4048 ὅτι
1271 3981 1467 4048 rusticiani

241 4089 423 4173 χαρακτῆρα
453 4081 615 4174 ἡγήσαντ’
640 4081 679 4151 ἂν
704 4086 760 4152 καί
789 4084 908 4153 κανόνα
930 4090 986 4175 τῆς
1008 4083 1129 4152 ἐκείνου
1152 4084 1322 4169 δυνάμεως.
1369 4087 1466 4151 A'nti·

241 4189 372 4271 phontis
410 4191 509 4254 etiam
541 4190 625 4254 aliae
656 4191 820 4256 orationes
850 4190 1044 4272 laudantur,
1082 4188 1266 4255 ἐπαινεῖται
1299 4187 1335 4254 δὲ
1368 4183 1468 4255 αὐτοῦ

239 4289 382 4373 μάλιστα
396 4286 413 4355 ὁ
431 4290 506 4378 περὶ
517 4287 664 4376 Ἡρώδου
680 4315 751 4378 sqq.
768 4294 839 4378 (Ps.
855 4293 945 4358 Plut.
958 4316 986 4357 v.
999 4291 1079 4357 Ant.
1094 4294 1159 4379 20).
1188 4293 1367 4358 orationem
1383 4290 1466 4379 πρὸς

241 4392 388 4462 Βοιωτὸν
416 4391 500 4482 ὑπὲρ
528 4399 587 4460 τοῦ
614 4389 771 4479 ὀνόματος
801 4389 944 4478 ,οὐδεμία
973 4394 1270 4483 (γνιλοπροιγμοοίνηι
1295 4402 1389 4462 erant
1410 4397 1466 4479 qui

239 4496 327 4563 iusta
363 4497 453 4564 ducti
488 4499 614 4564 ratione
652 4498 867 4566 Demostheni
907 4498 1149 4581 abiudicarcnt,
1191 4521 1391 4583 quamquam
1425 4521 1465 4565 ne
