3362 5216
786 244 989 340 Aa„

277 446 408 530 quidem
434 453 521 512 recte
548 468 646 514 unam
674 451 851 514 oratoriam
878 451 943 514 vim
970 447 1102 512 canonis
1131 451 1296 510 auctorem
1319 445 1502 530 respexisse

275 551 451 631 intellexit,
481 549 646 614 sedidem
675 573 748 616 cum
770 553 975 618 Andocidem
997 571 1099 633 genus
1128 548 1257 614 dicendi
1280 550 1361 614 artis
1385 569 1502 632 expers

277 657 425 716 secutum
452 674 521 716 esse
549 654 762 736 cognovisset,
791 660 850 719 aut
870 654 993 719 rhetori
1017 653 1097 718 artis
1119 653 1242 716 amanti
1265 673 1422 716 canonem
1446 651 1503 715 ab·

276 755 420 819 iudicare
442 760 500 820 aut
522 757 655 819 canonis
678 757 847 840 compositi
868 757 1028 822 diversam
1042 755 1203 820 rationem
1219 759 1362 819 statuere
1377 755 1501 818 debuit.

277 862 375 938 atque
397 857 558 939 posterius
581 858 648 922 sine
672 857 770 924 dubio
793 880 904 923 verum
927 866 985 925 est.
1030 879 1105 922 nam
1128 857 1259 921 canonis
1282 863 1397 921 auctor
1412 864 1501 922 certe

277 959 363 1024 solos
390 959 521 1024 Atticos
551 964 695 1025 oratores
727 962 760 1025 in
790 982 960 1026 nnmerum
990 959 1132 1040 rettulit,
1162 964 1385 1024 verumtamen
1412 959 1505 1036 idem,

276 1063 432 1144 temporis
453 1067 487 1126 et
508 1061 572 1125 loci
594 1084 658 1144 quo
680 1063 810 1146 vigebat
832 1085 955 1128 memor
977 1084 1111 1128 numero
1133 1062 1270 1128 inseruit
1292 1060 1501 1126 Andocidem

277 1172 310 1229 et
334 1164 543 1244 Aeschinem,
567 1185 706 1245 quorum
728 1171 865 1247 uterque
886 1166 1085 1231 Asianorum
1106 1164 1208 1229 indoli
1229 1164 1395 1247 proximus
1418 1169 1501 1228 erat.

277 1288 352 1332 nam
378 1266 581 1346 Andocides,
609 1267 691 1330 nulli
717 1274 805 1333 certo
838 1270 948 1351 generi
978 1268 1144 1347 addictus,
1181 1265 1323 1332 naturali
1358 1265 1502 1348 quodam

277 1370 394 1453 spiritu
416 1369 531 1433 ductus
555 1375 659 1434 artem
680 1370 803 1434 nullam
825 1371 983 1452 ostendit,
1013 1371 1065 1434 cui
1092 1369 1289 1450 simillimae,
1319 1368 1376 1434 sed
1397 1366 1501 1432 multo

277 1473 399 1536 maiore
426 1471 534 1535 indole
563 1477 595 1535 et
617 1473 746 1554 ingenio
767 1475 936 1555 praeditus
960 1478 1030 1537 erat
1052 1473 1233 1537 Aeschines
1256 1477 1288 1535 et
1307 1471 1375 1553 ipse
1399 1463 1500 1533 ἀπαί-

277 1575 394 1652 deunce,
426 1567 555 1652 ἄτεχνος
582 1568 666 1660 ciust)
710 1575 773 1644 bac
801 1577 928 1641 ratione
955 1576 1038 1639 inita
1065 1575 1197 1639 canonis
1220 1580 1333 1638 auctor
1353 1593 1502 1636 normam

277 1677 463 1760 proposuit,
490 1696 589 1758 quam
617 1678 778 1741 neminem
808 1677 951 1742 eiusdem
973 1678 1127 1761 temporis
1149 1697 1283 1760 prorsus
1305 1675 1502 1739 reiecturum

278 1799 347 1843 esse
376 1778 565 1857 confideret3
594 1799 671 1842 nam
694 1799 767 1843 oum
790 1779 849 1844 soli
871 1780 976 1846 Attici
999 1786 1259 1860 recenserentur,
1282 1778 1406 1843 Atticis
1428 1799 1503 1860 pro·

278 1881 435 1962 bebatur,
465 1903 525 1946 nec
552 1881 744 1963 displicebat
765 1880 915 1965 Asianis,
944 1883 1000 1967 qui
1028 1883 1127 1947 etiam
1154 1883 1203 1946 sui
1225 1881 1351 1964 generis
1375 1879 1503 1945 dicendi

277 1985 426 2067 exempla
447 1982 491 2047 ad
513 1983 707 2047 imitandum
724 1986 892 2067 proposita
905 1986 972 2050 illic
985 1985 1174 2067 reperirent.
1220 1988 1269 2047 est
1282 1983 1381 2065 igitur
1397 2003 1503 2046 canon

277 2087 371 2168 quasi
410 2086 618 2150 memorabile
659 2086 822 2169 quoddam
857 2087 1103 2166 documentum,
1155 2083 1331 2167 aliquando
1375 2092 1504 2150 contro·

279 2189 414 2268 versiae,
444 2210 528 2271 quae
557 2189 642 2252 inter
664 2188 808 2254 Asianos
831 2196 863 2255 et
884 2189 1247 2272 Atticosgravissimae
1269 2194 1360 2253 ortae
1383 2195 1502 2267 essent,

279 2292 483 2373 aliquatenus
513 2311 583 2356 esse
611 2291 814 2374 compositas.
860 2291 947 2375 quod
974 2294 1001 2358 si
1026 2298 1115 2357 recte
1138 2296 1188 2355 est
1210 2289 1428 2374 disputatum,
1461 2289 1503 2353 dc

279 2394 403 2476 origine
419 2393 552 2457 canonis
567 2393 694 2458 Asiana
710 2394 817 2458 nullus
833 2394 956 2460 dubito.
1000 2416 1075 2460 nam
1091 2395 1152 2459 etsi
1167 2393 1301 2458 Rudolfi
1312 2392 1504 2458 Kroehnert

277 2497 299 2561 l.
321 2496 343 2560 l.
368 2518 399 2580 p.
426 2500 464 2560 12
487 2517 534 2578 sq.
558 2494 613 2580 (cf.
638 2500 678 2560 14
699 2495 800 2582 infra)
830 2498 939 2580 opinio
962 2497 1073 2563 Rhodi
1094 2497 1256 2562 Asianam
1282 2495 1503 2579 eloquentiam

254 2617 445 2680 'nunquam
473 2598 645 2681 probatam
672 2619 742 2663 esse
765 2599 920 2664 audacior
942 2606 1007 2683 est,
1038 2622 1136 2683 quam
1158 2608 1195 2664 ut
1218 2622 1289 2665 eam
1313 2598 1503 2681 amplectar,

277 2708 387 2766 tamen
416 2706 561 2765 oratores
587 2700 724 2783 Rhodii,
756 2709 914 2784 quantum
936 2702 1064 2784 quidem
1088 2703 1181 2768 nobis
1204 2702 1325 2784 cogniti
1346 2708 1436 2779 sunt,
1467 2701 1503 2763 iu

277 2805 372 2868 unius
401 2805 541 2868 oratoris
563 2803 669 2868 Attici
697 2805 877 2870 imitatione
900 2806 994 2869 nimis
1017 2806 1183 2888 occupati,
1214 2826 1278 2887 quo
1301 2808 1398 2886 pacto
1420 2802 1502 2866 alios

276 2927 408 2990 prorsus
436 2906 519 2970 alius
546 2907 666 2988 ingenii
695 2912 840 2972 oratores
868 2908 1042 2973 imitandos
1065 2908 1126 2973 sibi
1148 2907 1269 2971 fuerint
1291 2905 1501 2990 proposituri,

279 3030 345 3074 non
368 3009 546 3093 dispicio.²)

364 3266 383 3333 ¹)
402 3263 565 3318 testimonia
589 3263 623 3316 de
646 3261 794 3315 Andocidc
817 3266 846 3315 et
864 3263 1005 3315 Aeschine
1028 3263 1133 3316 subieci
1156 3279 1183 3330 p.
1209 3265 1243 3314 28
1263 3281 1289 3315 n.
1308 3266 1330 3315 1.
1349 3263 1374 3313 2.
1395 3265 1496 3313 notatu

275 3353 394 3421 dignum
412 3355 456 3404 est
473 3346 633 3405 ἀπαίδευτος
652 3355 685 3418 (a.
705 3344 823 3417 ἀμαθής,
841 3345 965 3416 ἀνόητος)
978 3349 1124 3416 proprium
1144 3365 1204 3401 esse
1216 3348 1363 3415 epitheton
1376 3347 1500 3400 Asianos

274 3437 459 3505 eloquentiae,
478 3453 542 3488 cum
560 3440 641 3488 vetus
654 3435 817 3487 Atticorum
833 3435 996 3502 eloquentia
1008 3439 1124 3488 vocetur
1136 3433 1296 3505 φιλόσοφοςς
1316 3433 1350 3486 cf.
1364 3432 1447 3486 Dion.
1463 3432 1498 3485 de

275 3527 344 3577 orat.
363 3527 422 3576 ant.
439 3539 563 3590 prooem.
581 3539 608 3589 p.
627 3521 692 3584 445,
713 3521 761 3587 qui
778 3538 805 3589 p.
822 3523 873 3574 leo
892 3522 1029 3574 Asianum
1045 3521 1236 3588 eloquentiam
1258 3517 1319 3573 οὔτε
1338 3519 1499 3590 φιλοσοφίας

275 3607 330 3664 οὔτ’
349 3606 430 3661 ἄλλον
447 3603 628 3675 παιδεύματος
647 3603 754 3663 οὐδενὸς
771 3605 960 3678 μετειληφυῖαν
983 3605 1136 3678 ἐλευθερίου
1155 3607 1297 3660 describit.
1328 3606 1417 3670 BlaSS,
1449 3603 1498 3658 GB

275 3699 303 3749 6:
338 3695 399 3761 ,der
423 3693 504 3746 echte
522 3693 644 3745 Asiancr
668 3709 723 3745 war
747 3693 790 3745 ein
810 3691 986 3746 Veraechter
1010 3694 1060 3746 der
1078 3693 1273 3746 rhetorischen
1292 3691 1351 3744 und
1368 3689 1498 3744 vollends

274 3783 325 3836 der
337 3779 585 3850 philosophischen
597 3777 788 3848 Vorbildung3
807 3778 968 3847 Fertigkeit
986 3778 1043 3831 und
1057 3777 1137 3831 Fluss
1149 3779 1188 3832 im
1201 3779 1346 3848 Sprechen
1364 3777 1497 3830 machten

275 3867 334 3920 ihm
352 3866 399 3919 die
417 3865 512 3918 wahre
529 3864 743 3918 Beredsamkeit
762 3869 829 3916 aus‘

362 3949 583 4021 ¹)Rhodiorum
610 3950 724 4004 dicendi
752 3966 840 4019 genus
869 3949 1013 4020 singulare
1038 3951 1118 4017 quasi
1146 3949 1270 4002 medium
1298 3953 1399 4001 tenens
1425 3947 1500 4000 inter

274 4040 405 4094 Atticum
429 4041 458 4092 et
480 4038 618 4091 Asianum
635 4036 718 4089 finxit
737 4036 835 4089 Cicero
860 4036 904 4090 vel
928 4036 986 4089 eius
1010 4039 1109 4088 auctor
1131 4033 1260 4087 Rhodius
1280 4034 1406 4102 quidam3
1430 4033 1497 4086 Dio·

273 4126 370 4194 nysius
383 4124 521 4179 ancilius
533 4123 637 4177 Strabo
655 4122 710 4175 nisi
722 4120 853 4174 Atticum
872 4124 901 4174 et
915 4122 1051 4174 Asianum
1070 4120 1182 4174 dicendi
1194 4137 1281 4189 genus
1300 4119 1376 4172 aliud
1388 4119 1498 4171 nullum

273 4215 421 4266 noverunt.
454 4227 541 4278 quare
563 4208 633 4262 mihi
656 4207 769 4276 quidem
787 4224 955 4274 persuasum
977 4211 1022 4260 est
1038 4206 1167 4260 Rhodios
1190 4210 1276 4272 atque
1298 4206 1426 4269 Atticos,
1451 4203 1498 4272 qui

274 4298 449 4366 dicebantur,
468 4297 612 4350 Romanos
631 4295 683 4347 suh
706 4310 791 4346 unam
815 4294 990 4362 eandemque
1013 4295 1152 4346 rationem
1171 4292 1285 4356 cadere,
1303 4293 1408 4344 alteros
1427 4294 1498 4343 tam·

273 4403 357 4453 quam
374 4383 538 4452 Hyperidis,
557 4383 661 4434 alteros
680 4383 712 4434 ut
729 4379 832 4447 Lysiae
850 4380 1015 4434 imitatores.
1045 4379 1080 4432 cf.
1098 4378 1188 4442 Blass,
1207 4377 1258 4432 ΘΒ
1276 4379 1293 4431 3
1312 4395 1353 4446 sq.
1372 4379 1406 4432 89
1420 4395 1497 4446 sqq,

273 4470 351 4526 Jahn
369 4471 405 4524 sd
424 4469 481 4523 Cic.
500 4485 540 4522 or.
557 4486 585 4540 p.
607 4467 655 4521 VI.
672 4465 758 4520 XIII.
