3362 5216
824 265 867 332 64

744 356 953 369 m

237 471 440 556 auctoritate,
462 470 537 540 inde
560 471 679 558 optim
697 495 881 559 cognoscas,
905 476 992 560 quod
1016 471 1057 542 ab
1081 498 1118 541 eo
1135 471 1342 560 potissimum
1362 475 1461 542 Octa·

236 577 364 641 vianum
392 579 539 642 iuvenem
567 577 670 642 Iulius
694 576 830 659 Caesar,
860 586 892 645 et
920 581 989 663 ipse
1018 581 1098 644 artis
1129 579 1257 644 dicendi
1279 581 1460 644 sollertissi-

235 700 306 743 mus
328 679 435 761 iudex,
458 682 491 743 in
514 685 584 744 arte
606 679 769 745 rhetorica
790 682 916 746 institui
932 683 1042 762 voluit,
1067 684 1255 764 exstititque
1279 688 1367 746 secta
1391 683 1459 746 eius

235 783 362 847 nomine
378 784 541 864 insignita,
565 787 688 864 quanta
706 783 793 866 apud
808 791 964 866 posteros,
989 784 1077 868 quod
1093 785 1161 848 eius
1174 785 1311 868 vestigia
1327 785 1458 866 plurimi

234 884 380 950 rhetores
405 891 602 968 presserunt.
638 905 677 948 ex
693 887 817 967 ceteris,
834 887 889 968 qui
904 887 1066 970 Pergamo
1082 888 1146 952 orti
1161 892 1245 966 sunt,
1262 887 1457 965 rhetoribus,

237 987 300 1050 duo
318 987 411 1052 nobis
428 992 603 1052 occurrunt
615 987 809 1070 Apollodori
827 988 993 1072 discipuli:
1010 996 1109 1076 atque
1121 990 1211 1073 prior
1222 994 1271 1054 est
1283 989 1457 1073 Dionysius

234 1089 455 1172 Pergamenus
477 1090 625 1169 Atticus,
658 1089 697 1153 de
727 1111 790 1175 quo
819 1089 939 1156 Strabo
963 1092 1059 1158 XIII
1083 1097 1144 1157 625
1165 1090 1202 1157 O.
1231 1091 1312 1156 haec
1342 1091 1455 1156 habet:

233 1189 383 1280 μαθητὴν
426 1191 454 1255 d’
487 1186 576 1270 i'oqeo
612 1191 864 1278 (Apollodorus)
894 1188 1062 1278 ἀξιόλογον
1087 1192 1260 1261 Διονύσιον
1294 1191 1351 1257 τὸν
1372 1191 1457 1256 eim-

233 1291 395 1380 atquem
413 1288 574 1374 Ἀττικὸν,
597 1289 734 1381 πολίτην
756 1289 869 1360 αὐτοῦ·
893 1295 949 1360 ναὶ
972 1295 1032 1383 γὰρ
1054 1293 1211 1383 σοφιστὴς
1232 1285 1270 1382 ἦν
1282 1289 1390 1369 ἱκανὸς
1401 1293 1455 1359 καὶ

232 1395 430 1482 συγγραφεὺς
451 1394 508 1461 καὶ
530 1395 735 1484 λογογράφος.
781 1398 958 1482 Dionysius
980 1400 1113 1486 quidam
1128 1399 1302 1464 Aeschinis
1326 1398 1457 1462 dicendi

233 1520 350 1580 genere
373 1499 564 1580 oblectatus,
593 1521 689 1585 quem
712 1501 891 1584 sophistam
914 1504 994 1566 citat
1024 1501 1122 1566 Phot.
1156 1499 1229 1565 cod.
1263 1504 1304 1562 01
1337 1522 1368 1582 p.
1403 1505 1455 1578 20,

235 1601 321 1665 idem
342 1601 469 1666 videtur
491 1602 589 1666 fuisse
612 1624 684 1667 cum
707 1603 835 1669 Milesio
851 1605 1017 1669 Hadriani
1041 1609 1147 1668 aetate
1163 1604 1301 1686 vigente.
1335 1603 1454 1666 iniuria

232 1705 390 1788 Dionysio
410 1706 615 1790 Pergameno
638 1706 773 1771 Weiske
802 1707 946 1773 libellum
976 1733 1014 1770 νο.
1040 1705 1153 1790 ὕψους,
1185 1705 1237 1768 oui
1267 1704 1456 1768 inscribitur

231 1805 404 1872 Διονυσίου
448 1803 468 1895 ἢ
510 1805 691 1893 Λογγῖνον,
735 1811 901 1890 attribuit,
945 1811 1001 1896 qui
1038 1814 1070 1874 et
1107 1809 1274 1892 aliquanto
1310 1810 1385 1890 post
1422 1813 1454 1870 et

231 1931 251 1973 a
277 1910 442 1976 Theodori
472 1911 674 1978 Gadarensis
706 1913 846 1997 quodam
877 1902 1037 1978 sectatore
1066 1913 1203 1994 scriptus
1234 1915 1292 1974 est.
1340 1913 1454 1972 contra

230 2033 250 2076 e
281 2014 512 2096 probabilitate
551 2036 615 2079 non
664 2015 757 2079 valde
801 2015 924 2080 recedit
960 2014 1204 2079 Westerrnanni
1255 2013 1453 2091 coniectura,

231 2117 287 2200 qui
310 2115 428 2182 (ΜΒ.
452 2119 471 2183 Ι
493 2140 524 2200 p.
550 2122 610 2182 180
642 2138 689 2203 sq.
718 2119 803 2184 hunc
825 2140 898 2183 oum
920 2118 1077 2200 Dionysio
1106 2117 1173 2180 filio
1201 2117 1270 2180 eius
1293 2115 1453 2197 Dionysii,

230 2221 286 2304 qui
301 2219 360 2285 filii
371 2219 537 2286 Ciceronis
552 2221 706 2303 magister
722 2227 792 2286 erat
805 2220 894 2306 (Seu.
911 2227 1012 2284 contr.
1030 2221 1089 2300 14,
1110 2223 1163 2297 11,
1180 2216 1334 2281 anchm.
1351 2239 1382 2300 p.
1396 2219 1453 2295 20)

229 2322 367 2387 eundem
394 2328 505 2406 putat3
534 2344 611 2387 nam
639 2324 727 2405 quod
753 2325 842 2406 apud
870 2324 1026 2391 Senecam
1049 2321 1226 2404 Dionysius
1251 2318 1452 2384 declamator

228 2426 331 2508 magis
359 2425 488 2508 elegans
517 2447 614 2509 quarn
642 2425 813 2490 vehemens
844 2425 949 2506 audit,
973 2427 1007 2489 in
1035 2421 1232 2507 Apollodori
1261 2421 1452 2504 discipulum

228 2548 361 2609 prorsus
384 2528 552 2613 quadrat.x
580 2527 752 2592 manifesto
776 2549 849 2592 eum
874 2523 1094 2612 Quintilianus
1116 2525 1175 2589 III
1200 2529 1227 2602 1,
1254 2528 1292 2587 18
1316 2544 1451 2588 comme-

228 2635 343 2710 morat,
365 2651 439 2694 cum
455 2629 652 2713 Apollodori
665 2635 841 2714 praecepta
857 2628 1101 2712 diligentissime
1117 2649 1134 2690 e
1149 2626 1278 2690 Latinis
1296 2623 1451 2708 Valgium

226 2733 401 2800 tradidisse
424 2733 517 2813 dicit,
542 2754 558 2798 e
583 2733 720 2798 Graecis
742 2734 901 2811 Atticum,
926 2733 982 2817 qui
1003 2730 1224 2815 praeceptoris
1246 2728 1381 2810 vestigia
1402 2729 1449 2791 in-

226 2842 355 2900 secutus
369 2842 472 2901 artem
487 2835 683 2900 rhetoricam
697 2837 880 2901 accuratius
894 2840 927 2900 et
941 2835 1074 2898 uberius
1090 2833 1219 2896 videtur
1233 2832 1449 2915 perlustrasse

226 2938 281 3024 (cf.
311 2938 424 3019 Blass,
455 2938 519 3005 ΘΒ
550 2940 636 3022 158).
690 2945 801 3002 utrum
831 2937 1052 3020 Pergamenus
1090 2934 1189 2999 fuerit
1219 2953 1262 2998 an
1299 2933 1450 2998 Halicar-

225 3043 389 3122 nasensis,
411 3063 507 3127 quem
530 3039 642 3124 Quint.
666 3041 722 3104 IX
746 3045 774 3122 3,
799 3045 839 3104 89
862 3041 948 3104 inter
969 3039 1141 3121 scriptores
1163 3037 1202 3100 de
1225 3035 1337 3118 figuris
1359 3037 1449 3116 citat,

227 3164 291 3206 non
319 3145 365 3208 ita
395 3144 489 3208 facilc
512 3143 724 3222 diiudicatum
754 3143 870 3228 quodsi
893 3164 932 3206 ex
954 3148 1135 3224 temporum
1157 3141 1281 3203 ratione
1305 3159 1373 3203 sese
1397 3159 1449 3202 ex·

222 3245 365 3328 cipiant,
396 3246 635 3328 Pergamenum
665 3246 772 3329 potius
804 3245 899 3309 illurn
918 3245 1111 3326 Dionysium
1138 3241 1237 3306 fuisse
1267 3241 1448 3324 suspiceris

227 3349 311 3411 alter
351 3348 545 3432 Apollodori
586 3348 764 3430 discipulus
810 3347 873 3410 fuit
914 3346 1067 3410 Moschus
1109 3343 1370 3427 Pergamenus),
1408 3341 1448 3405 do

227 3472 291 3533 quo
331 3451 418 3534 apud
456 3451 530 3517 Sen.
572 3451 655 3515 rhet.
697 3455 798 3515 contr.
830 3450 869 3514 II
907 3453 925 3512 5
967 3448 1049 3534 (13),
1089 3451 1127 3511 13
1164 3447 1246 3510 haec
1280 3446 1446 3528 leguntur:

225 3554 312 3634 ,novi
336 3554 571 3619 declamatores
593 3559 668 3637 post
690 3553 859 3618 Moschum
882 3550 1156 3634 Apollodoreum,
1180 3549 1236 3633 qui
1257 3568 1332 3611 reus
1355 3568 1447 3612 vene-

226 3655 290 3719 ficii
328 3655 390 3720 luit
422 3662 454 3720 et
488 3679 508 3721 a
542 3656 692 3722 Pollione
723 3656 841 3720 Asinio
876 3654 1041 3735 defensus,
1080 3652 1251 3716 damnatus
1282 3651 1446 3714 Massiliae

225 3757 351 3837 docuit,
394 3765 427 3822 et
471 3760 555 3823 hanc
599 3760 822 3844 quaestionem
861 3757 894 3822 in
931 3758 994 3821 hac
1032 3753 1251 3820 controversia
1290 3753 1446 3818 fecerunt‘

225 3861 330 3944 (locus
353 3866 402 3925 est
425 3861 621 3946 corruptus).
666 3861 805 3926 eundem
827 3860 998 3926 Moschum
1013 3858 1271 3941 Apollodoreum
1286 3857 1446 3922 Horatius

223 4118 251 4169 p.
270 4105 312 4154 70.
332 4103 381 4153 155
405 4118 464 4168 sqq.
492 4102 549 4154 159.
577 4103 626 4154 175
652 4101 686 4154 ο1“.
710 4099 770 4153 Ces.
794 4117 810 4152 e
836 4098 1000 4163 Morawski,
1024 4096 1126 4152 NRhM
1144 4095 1275 4149 XXXIV
1297 4096 1348 4147 370
1372 4111 1445 4162 sqq.;

223 4186 398 4255 Bernhardy,
424 4186 628 4252 00015773,
656 4186 690 4240 U.
715 4188 750 4239 de
767 4185 1001 4249 Wilarn.·Moell.,
1021 4183 1119 4236 Herm.
1139 4184 1193 4235 vol.
1212 4181 1240 4235 X
1258 4183 1321 4249 335,
1339 4182 1445 4236 Busch-

223 4289 308 4324 mann
330 4274 347 4325 l.
367 4275 385 4325 l.
408 4291 434 4340 p.
453 4274 477 4326 3.
503 4275 532 4338 7,
557 4275 592 4324 A.
611 4271 811 4325 Reifferscheid
838 4272 856 4322 l.
879 4273 896 4324 l.
920 4290 947 4338 p.
972 4273 996 4324 5.
1033 4287 1104 4338 quae
1129 4269 1160 4322 Ο.
1185 4269 1309 4336 Gruppe,
1335 4273 1444 4336 quaest.

224 4361 411 4421 Amasenus,
430 4357 527 4410 Sedini
549 4359 616 4410 1873
634 4376 660 4426 p.
679 4361 714 4410 40
733 4376 771 4425 sq.
795 4375 869 4411 nova
888 4358 1022 4422 contulit,
1040 4358 1099 4410 fere
1113 4358 1207 4408 omnia
1226 4359 1443 4423 suntperversa.

311 4444 332 4511 ¹)
351 4443 533 4496 Buschmann
554 4461 581 4512 p.
604 4446 654 4510 20,
681 4443 792 4497 addidit
815 4444 963 4508 nonnulla,
992 4444 1039 4510 qui
1061 4442 1252 4496 Buschmanni
1277 4444 1443 4509 opusculum

223 4531 373 4594 recensuit,
391 4529 520 4594 Bursian,
538 4527 700 4582 Jehresber.
719 4531 774 4585 vol.
791 4529 881 4583 XXII
900 4531 975 4584 1880.
993 4531 1017 4583 2.
1035 4547 1062 4598 p.
1086 4530 1131 4582 141
1148 4547 1188 4597 sq.
