3362 5216
259 483 369 554 didem
420 487 627 556 Herodotum
670 489 923 574 Xenophontem
975 488 1138 574 principes
1189 487 1345 556 historiae
1397 487 1483 554 solos

259 599 405 658 recentes
437 594 569 658 exhibet
598 594 784 672 historiam,
814 615 896 675 quos
927 591 1074 676 profecto
1109 594 1304 676 posteriores
1336 594 1483 657 homines

258 696 411 760 libentius
433 697 609 761 imitandos
631 696 693 760 sibi
714 695 951 779 proponebant.
996 695 1052 760 sed
1074 717 1114 759 ne
1130 696 1224 760 nimis
1240 695 1354 760 abdita
1370 717 1483 776 eruere

259 819 426 864 conemur:
457 799 686 864 historicorum
714 820 818 863 canon
847 804 1013 863 oratorum
1039 797 1152 862 decadi
1182 799 1209 861 si
1240 819 1303 862 non
1327 799 1483 880 aequalis,

259 909 294 965 at
326 901 435 983 paullo
465 901 624 983 posterior
657 908 769 967 nostra
799 900 929 984 quidem
959 901 1121 964 sententia
1151 905 1232 964 erat.
1284 901 1369 964 ratio
1397 922 1482 964 com-

258 1003 429 1086 positionis
457 1010 544 1068 certe
571 1004 636 1068 alia
664 1003 740 1083 fuit,
770 1024 843 1067 oum
871 1023 963 1067 secus
992 1008 1091 1086 atque
1113 1003 1147 1066 in
1170 1008 1337 1066 oratorum
1358 1023 1481 1066 canone

258 1105 432 1190 Polybium
459 1106 556 1188 longe
584 1111 659 1188 post
681 1105 907 1169 Alexandrum
935 1104 1106 1170 florentem
1132 1105 1217 1169 inter
1239 1105 1410 1169 historicos
1433 1127 1481 1169 re·

258 1215 388 1290 ceptum
411 1228 481 1272 esse
504 1208 678 1272 videamus.
695 1245 738 1254 —-
753 1207 890 1272 maxime
916 1200 1042 1287 canoni,
1065 1207 1105 1272 de
1123 1228 1187 1293 quo
1203 1208 1338 1290 agimus,
1363 1207 1480 1271 adfinis

259 1316 309 1375 est
326 1311 410 1375 alter
427 1316 594 1375 oratorum
615 1331 728 1390 canon,
753 1331 849 1392 quem
863 1331 901 1374 ex
917 1309 1083 1374 Ciceronis
1099 1309 1205 1374 Bruto
1222 1313 1262 1372 27
1280 1329 1348 1391 sqq.
1366 1308 1422 1393 (of.
1440 1309 1480 1375 de

261 1434 308 1478 or.
339 1413 378 1477 Π
408 1417 448 1476 93
478 1433 548 1496 sqq.
578 1412 636 1476 ΠΙ
666 1415 716 1475 59.
750 1411 825 1497 138)
859 1411 961 1476 elicio.
1021 1433 1097 1476 nam
1132 1433 1171 1476 ex
1202 1411 1339 1476 historia
1368 1412 1480 1493 aliqua

258 1515 461 1598 eloquentiae
483 1514 616 1580 Atticae
646 1535 820 1598 excerpens
842 1512 957 1579 Cicero
987 1514 1045 1579 hos
1073 1513 1184 1578 decern
1207 1533 1330 1577 canone
1353 1513 1392 1577 de
1415 1534 1480 1595 quo

259 1619 429 1701 quaeritur
456 1618 655 1698 antiquiores
685 1623 830 1681 oratores
858 1617 1043 1700 proposuit:
1089 1615 1241 1682 Solonem
1269 1615 1479 1680 Pisistratum

258 1719 459 1787 Clisthenem
483 1719 736 1784 Themistoclem
758 1717 918 1782 Periclem
942 1717 1095 1784 Cleonem
1119 1717 1325 1783 Alcibiadem
1342 1716 1479 1782 Critiam

258 1822 494 1888 Theramenem
510 1821 742 1902 Thucydidem.
779 1821 913 1885 eandem
936 1819 1092 1886 decadem
1115 1819 1254 1904 Sopater
1278 1821 1422 1904 prolegg.
1445 1821 1478 1884 in

256 1924 395 1988 Aristid.
418 1924 547 1989 videtur
569 1929 677 1988 mente
700 1923 886 2005 complexus
909 1943 994 2003 esse,
1020 1943 1092 1987 cum
1115 1922 1196 1986 haec
1216 1922 1368 1987 tradidit:
1396 1925 1480 2008 τρεῖς

257 2025 355 2112 φοραὶ
384 2023 526 2112 ῥητόρων
555 2022 729 2110 γεγόνασιν,
762 2013 806 2088 ὧν
835 2019 855 2111 ἡ
884 2022 943 2107 μὲν
972 2021 1086 2111 πρώτη
1115 2018 1268 2112 ἀγράφως
1297 2020 1410 2108 ἔλεγεν,
1444 2013 1479 2112 ἧς

258 2125 327 2192 ἐστι
357 2129 574 2214 Θεμιστοκλῆς
601 2127 658 2192 καὶ
685 2127 845 2214 Περικλῆς
872 2125 928 2190 καὶ
957 2120 987 2190 oi
1016 2127 1087 2190 κατ’
1111 2123 1249 2202 ἐκείνους
1277 2123 1404 2214 ῥήτορες
1430 2149 1476 2210 qa.

257 2231 390 2313 originis
418 2237 546 2313 tempus
577 2231 851 2313 circumscriptori
886 2230 1017 2295 ultimos
1047 2228 1177 2294 decadis
1204 2231 1360 2294 terminos
1389 2229 1475 2310 inde,

257 2333 387 2416 quoda
411 2332 567 2398 Cicerone
590 2331 741 2411 traditur,
765 2333 911 2414 cognitos
934 2331 1105 2409 habemus;
1128 2353 1168 2396 ex
1189 2331 1356 2412 Panaetii,
1381 2353 1478 2416 quem

256 2456 356 2518 supra
388 2435 422 2500 in
454 2435 723 2518 disceptationem
756 2435 955 2515 vocavimus,
985 2434 1056 2499 loco
1090 2434 1192 2520 (Plut.
1222 2435 1393 2500 Demosth.
1425 2437 1482 2520 13)Ι

256 2536 393 2602 forsitan
415 2538 596 2618 terminum,
620 2542 695 2620 post
717 2558 814 2620 quem
830 2558 934 2602 canon
955 2536 1121 2602 confectus
1142 2537 1195 2616 sit,
1217 2537 1353 2601 rimeris.
1403 2558 1479 2602 nam

256 2641 343 2721 quod
367 2645 498 2722 praeter
515 2639 739 2723 Thucydidem
763 2646 796 2705 et
814 2639 973 2704 Periclem
997 2637 1165 2704 Cimonem
1187 2638 1278 2720 citat,
1309 2639 1338 2703 ei
1361 2659 1401 2703 ne
1425 2639 1479 2703 hic

256 2740 387 2823 quidem
416 2763 517 2806 canon
547 2742 675 2807 videtur
703 2747 799 2806 notus
828 2741 936 2806 fuisse.
966 2777 1011 2788 -
1045 2761 1149 2822 neque
1179 2739 1284 2805 defuit
1311 2740 1478 2806 rhetorum

258 2842 460 2908 Graecorum
483 2844 596 2926 decas,
625 2866 723 2926 quam
746 2865 784 2908 ex
808 2842 1011 2928 Quintiliano
1034 2843 1093 2908 ΠΙ
1117 2847 1144 2923 1,
1168 2847 1278 2906 8-19
1302 2841 1391 2908 haud
1413 2844 1478 2908 soie

256 2966 297 3008 an
312 2945 526 3027 probabiliter
542 2967 660 3011 eruam.
700 2945 739 3034 ἓξ
757 2951 814 3010 8-
831 2951 868 3010 11
887 2947 970 3011 enim
988 2947 1098 3014 decem
1114 2945 1307 3011 adferuntur
1321 2945 1478 3026 rhetores„

256 3048 312 3129 qui
339 3054 416 3112 ante
435 3049 675 3133 Antiphontem
705 3056 736 3116 et
764 3050 942 3115 Isocratem
971 3049 1013 3114 ad
1041 3047 1226 3114 rhetoricen
1257 3049 1382 3131 aliquid
1405 3070 1478 3113 con-

255 3150 416 3214 tulerunt:
449 3152 663 3236 Empedocles
687 3150 794 3218 Corax
818 3152 924 3217 Tisias
948 3151 1089 3235 Gorgias
1112 3152 1375 3234 Thrasymachus
1397 3152 1478 3216 Pro-

255 3253 345 3317 dicus
360 3253 562 3338 Protagoras
577 3254 741 3320 Euathlus
756 3255 897 3338 Hippias
909 3254 1098 3320 Alcidamas
1110 3257 1153 3338 ¹);
1170 3255 1208 3321 cf.
1223 3253 1290 3320 Cic.
1307 3254 1347 3318 de
1362 3275 1408 3318 or.
1421 3254 1479 3319 111

257 3360 317 3419 126
334 3377 419 3438 sqq.;
435 3357 530 3421 Brut.
549 3361 599 3421 30.
617 3362 901 3423 292-1111111111
916 3357 1018 3440 igitur
1033 3363 1065 3422 et
1081 3363 1247 3424 oratorum
1263 3362 1296 3422 11
1310 3357 1478 3421 rhetorum

254 3465 331 3524 ante
365 3460 605 3543 Antiphontem
638 3459 814 3542 vigentium
845 3459 984 3524 decades
1018 3459 1165 3526 elicuisse
1199 3460 1292 3526 nobis
1320 3459 1476 3540 videmur,

254 3561 372 3645 quibus
408 3582 495 3625 nunc
537 3561 686 3626 addimus
724 3560 879 3626 decadem
913 3563 1123 3645 scriptorum,
1167 3563 1223 3645 qui
1263 3562 1303 3627 de
1342 3582 1475 3627 numero

254 3669 403 3746 egerunt,
434 3662 636 3730 Graecorum
661 3663 884 3728 recentiorem.
929 3685 1005 3730 nam
1033 3665 1090 3748 qui
1119 3685 1190 3730 eam
1211 3662 1316 3730 tradit
1338 3663 1476 3730 Rufinus

341 3904 362 3972 ¹)
381 3919 452 3972 quae
476 3904 492 3973 ξ
513 3903 544 3954 12
563 3900 625 3956 init.
645 3903 910 3965 commemorantur,
929 3901 1078 3954 evidenter
1097 3901 1133 3954 ad
1151 3901 1167 3971 ξ
1188 3901 1284 3956 lofin.
1307 3919 1367 3958 sese
1387 3901 1474 3972 appli-

253 3995 331 4056 cant,
356 3991 463 4056 itaut,
493 4005 564 4056 quae
586 3987 601 4057 ᾖ
627 3988 657 4038 11
682 3985 858 4038 disseruntur
885 3987 920 4040 de
942 3988 1122 4057 Antiphonte
1148 3985 1297 4055 Polycrate
1324 3987 1472 4042 Theodoro

253 4076 366 4130 aliunde
389 4076 497 4128 inserta
521 4091 580 4128 esse
603 4071 765 4136 videantur,
788 4071 857 4125 item
880 4089 949 4140 quae
967 4073 983 4144 ᾗ
1004 4074 1035 4126 12
1061 4073 1168 4144 [Cicero
1186 4074 1217 4126 in
1234 4073 1325 4128 Bruto
1344 4105 1376 4112 -
1396 4090 1471 4127 com-

251 4163 343 4232 posta]
367 4179 400 4214 ex
414 4162 549 4216 Cicerone
565 4161 712 4212 mutuatus
726 4161 769 4212 est
782 4157 980 4226 Quintilianus.
1012 4159 1106 4228 itaque
1124 4158 1193 4212 haec
1206 4159 1339 4213 videntur
1352 4159 1472 4214 insonte

254 4249 390 4317 primario
415 4265 476 4302 sese
495 4246 649 4314 excepisse:
685 4245 743 4314 58.
763 4246 787 4297 9.
811 4245 844 4296 10
866 4243 975 4314 (decem
997 4245 1038 4297 illi
1061 4246 1215 4313 rhetores);
1239 4245 1319 4317 512:
1346 4246 1471 4310 ,horum

255 4336 341 4404 primi
370 4351 529 4390 communes
558 4333 636 4384 locos
662 4332 798 4384 tractasse
821 4329 957 4383 dicuntur
979 4329 1159 4400 Protagoras,
1182 4331 1317 4401 Gorgias,
1340 4331 1469 4384 adfectus

252 4413 388 4476 Prodicus
411 4425 439 4476 et
468 4419 588 4491 Hippias
616 4421 645 4471 et
671 4415 747 4470 idem
769 4415 941 4484 Protagoras
970 4420 1010 4488 etv
1026 4415 1272 4486 Thrasymachus‘;
1299 4417 1317 4487 ξ
1346 4417 1391 4470 13:
1419 4418 1471 4472 his

251 4525 409 4566 successere
428 4507 523 4572 multi,
542 4505 590 4558 sed
609 4483 782 4556 clarissimus
801 4499 921 4571 Gorgiae
939 4501 1100 4558 auditorum
1117 4501 1260 4558 Isocrates
1279 4506 1346 4572 sqq.‘
