3362 5216
267 528 352 613 boni,
377 554 411 597 se
431 555 496 596 non
518 532 557 597 de
579 532 737 611 omnibus,
759 531 815 596 sed
838 532 967 616 optimis
983 530 1147 596 dicturum
1167 552 1237 600 esse
1252 531 1489 615 pronuntiavit:

269 631 396 700 ἔσονται
420 635 448 698 δ’
465 629 494 698 οῖ
510 633 569 717 μὲν
585 631 909 720 παραλαμβανόμενοι
930 633 1057 723 ῥήτορες
1077 639 1161 720 τρεῖς
1181 634 1240 717 μὲν
1262 634 1297 700 ἐκ
1316 640 1381 700 τῶν
1395 657 1491 722 πρεσ-

266 737 407 822 βυτέριον
429 734 561 814 Λυσίας
580 732 769 824 Ἰσοκράτης
788 732 921 817 Ἰσαῖος,
943 743 1028 823 τρεῖς
1049 739 1077 802 δ’
1101 737 1137 803 ἐκ
1152 741 1217 803 τῶν
1232 735 1492 822 ἐπακμασάντων

267 841 394 920 τούτοις
430 839 641 928 Δημοσθένης
658 836 858 928 ’Ὑπερείδης
886 835 1060 928 Αἰσχίνης,
1107 836 1162 920 οδς
1191 841 1254 927 ἐγὼ
1288 846 1353 907 τιῦν
1386 837 1492 907 δίλλιον

271 941 408 1034 ἡγοῦμαι
431 940 621 1028 κρατίστους
641 943 696 1030 (cf.
719 965 750 1027 p.
773 947 847 1008 451.
870 944 989 1030 628).¹)

355 1053 384 1112 2.
421 1047 460 1112 de
478 1047 573 1112 Isaeo
602 1051 637 1111 19
659 1069 691 1130 p.
715 1050 777 1110 625
801 1067 887 1130 sqq.:
928 1053 1102 1130 postquam
1125 1048 1298 1131 explicavit
1321 1048 1361 1113 de
1383 1049 1489 1126 Isaeo,

267 1151 348 1216 velle
378 1172 411 1215 se
442 1151 490 1214 ait
511 1149 654 1215 breviter
681 1150 780 1214 etiam
809 1149 848 1213 de
875 1150 1008 1234 reliquis
1037 1151 1222 1217 oratoribus
1250 1153 1349 1217 verba
1374 1152 1491 1230 facere,

267 1275 307 1318 ne
338 1253 409 1335 quis
445 1252 487 1318 ab
516 1273 549 1317 se
575 1253 728 1318 inlustres
757 1259 902 1318 oratores
932 1259 990 1318 aut
1019 1260 1153 1338 propter
1184 1254 1401 1338 ignorantiam
1432 1261 1493 1320 aut

267 1363 402 1440 propter
431 1356 543 1438 fugam
572 1355 693 1421 laboris
726 1357 860 1421 omissos
893 1362 1002 1440 putet,
1034 1357 1149 1423 deinde
1181 1357 1236 1440 qui
1268 1358 1364 1422 simili
1393 1363 1492 1440 atque

267 1461 432 1523 Isocrates
459 1465 493 1523 et
518 1459 636 1541 Lysias
667 1459 829 1526 scribendi
855 1479 972 1543 genere
1000 1461 1050 1526 usi
1072 1465 1164 1540 sunt,
1194 1466 1377 1542 enumerat,
1405 1460 1494 1523 inter

268 1583 321 1626 eos
352 1561 606 1644 Antiphontem
640 1561 795 1645 denique,
829 1583 888 1628 cur
916 1563 1062 1644 Isaeum,
1103 1584 1176 1628 cum
1213 1571 1245 1629 ct
1280 1565 1350 1647 ipse
1373 1563 1492 1646 Lysiae

269 1665 369 1729 fuerit
383 1664 539 1744 imitator,
555 1663 740 1729 adiunxerit
755 1665 895 1730 Isocrati
910 1671 943 1730 et
955 1666 1084 1749 Lysiae,
1100 1666 1209 1731 reddit
1223 1666 1493 1732 honorationem:

267 1765 320 1833 ὅτι
347 1791 403 1849 μοι
433 1761 521 1832 δοκεῖ
546 1770 603 1854 τῆς
631 1764 861 1854 Δημοσθένους
889 1765 1068 1856 δεινότητος
1095 1807 1138 1816 -
1165 1767 1207 1834 τὰ
1235 1767 1408 1854 σπέρματα
1436 1768 1494 1832 καὶ

267 1869 327 1949 τὰς
349 1865 448 1954 ἀρχὰς
470 1858 563 1948 οὗτος
583 1865 600 1934 δ
623 1865 701 1957 ἀνὴρ
722 1875 910 1955 παρασχεῖν.

355 1979 385 2039 3.
419 1974 459 2039 δε
489 1974 566 2039 Diu.
600 1977 616 2036 l
649 1995 682 2056 p.
716 1977 794 2036 629:
841 1972 918 2058 περὶ
951 1969 1126 2058 Δεινάρχου
1156 1977 1215 2039 τοῦ
1243 1973 1373 2063 ῥήτορος
1403 1969 1498 2039 οὐδὲν

268 2072 400 2164 εἰρηκὼς
429 2074 462 2140 ἐν
487 2081 556 2154 τοῖς
585 2074 660 2162 περὶ
684 2078 750 2140 τῶν
776 2070 916 2159 άρχαίιον
944 2081 1094 2163 γραφεῖσι
1122 2075 1178 2142 διὰ
1202 2075 1239 2144 τὸ
1267 2076 1346 2166 μίγτε
1370 2073 1500 2166 εὑρετὴν

242 2232 245 2238 .
268 2177 352 2246 ἰδίου
382 2177 541 2264 γεγονέναι
568 2181 763 2266 χαρακτῆρος
788 2176 846 2244 τὸν
868 2173 968 2264 ίίνδρα
995 2177 1107 2265 ὥσπερ
1129 2176 1185 2245 τὸν
1208 2178 1340 2246 Λυσίαν
1362 2181 1417 2246 καὶ
1439 2179 1500 2246 τὸν

266 2280 449 2370 Ἰσοκράτην
476 2280 532 2346 καί
558 2277 615 2346 τὸν
641 2276 759 2347 Ἰσαῖον
785 2279 865 2369 μίγτε
891 2285 956 2345 τῶν
983 2277 1166 2370 εὑρημάτων
1195 2278 1316 2369 ἑτέροις
1342 2283 1501 2373 τελειοτην

268 2385 379 2472 ὥσπερ
401 2384 458 2450 τὸν
480 2381 694 2472 Δημοσθένην
714 2383 771 2449 καί
792 2383 849 2450 τὸν
865 2378 1026 2472 Αἰσχίνην
1047 2384 1103 2449 καὶ
1125 2382 1181 2452 τὸν
1201 2381 1386 2475 Ὑπερείδην
1407 2384 1502 2476 ἡμεῖς

269 2486 423 2575 κρίνομεν.
478 2483 561 2572 ὁριῦν
596 2485 631 2552 δὲ
660 2486 717 2552 καὶ
750 2491 863 2554 τοῦτον
892 2485 949 2553 τὸν
983 2482 1083 2574 ίίνδρα
1118 2487 1210 2574 παρὰ
1238 2483 1372 2568 πολλοῖς
1404 2487 1502 2580 ἠξιω-

270 2589 364 2674 μένον
395 2585 553 2672 ὀνόματος
580 2587 640 2655 ἐπὶ
670 2588 849 2678 δεινότητος
879 2589 995 2674 λόγιον,
1033 2589 1089 2655 καὶ
1123 2586 1370 2660 ἀπολελοιπότα
1401 2594 1503 2681 δημο-

273 2692 362 2773 σίους
392 2693 507 2760 τεκαὶ
534 2689 749 2782 ἰδι[ιοτικ]οὺς
770 2691 882 2778 λόγους
909 2687 982 2756 oliae
1012 2686 1138 2777 ὀλίγους
1160 2689 1234 2760 otae
1261 2690 1503 2784 εὐκαταφρονή-

272 2823 346 2876 τους
367 2793 530 2886 ἡγησάμην
552 2798 618 2862 δεῖν
639 2795 684 2884 μὴ
706 2797 907 2882 παραλιπεῖν
928 2790 1027 2861 αὐτὸν
1048 2845 1056 2860 .
1082 2847 1089 2860 .
1114 2847 1121 2860 .

356 2901 482 2986 Quibus
505 2901 584 2966 locis
607 2901 785 2984 perspectis
796 2900 859 2964 hoc
881 2899 1022 2964 cernitur
1038 2900 1232 2983 Dionysium
1255 2903 1360 2986 ipsum
1382 2923 1441 2985 per
1462 2924 1502 2968 se
1565 2946 1568 2962 ι

270 3006 437 3085 rationem,
454 3026 552 3087 quam
570 3025 610 3068 ne
625 3005 695 3086 ipse
711 3002 842 3086 quidem
856 3003 977 3084 ubique
991 3003 1164 3086 probabat,
1179 3004 1337 3070 iuvenisse
1354 3027 1409 3070 sex
1425 3025 1502 3070 ora-

274 3116 360 3174 tores
388 3109 525 3192 optimos
556 3107 590 3170 in
617 3128 785 3172 numerum
809 3104 989 3190 redigendi,
1012 3106 1145 3188 quibus,
1170 3128 1244 3172 oum
1268 3107 1355 3191 apud
1376 3108 1501 3173 multos

271 3212 472 3276 Dinarchum
495 3211 605 3292 aliqua
627 3209 762 3273 vidisset
784 3209 980 3274 auctoritate
1002 3208 1133 3290 florere,
1159 3231 1231 3274 eum
1254 3211 1403 3276 adiunxit
1424 3232 1499 3294 sep-

270 3314 394 3378 timum.
440 3334 596 3379 canonem
620 3333 693 3376 eum
716 3334 779 3377 non
796 3312 922 3376 novisse
944 3312 1020 3376 hino
1035 3333 1100 3377 non
1115 3319 1224 3396 potest
1248 3313 1375 3398 conligi.
1413 3313 1498 3379 falso

273 3417 357 3480 enim
373 3417 435 3482 hoc
451 3416 581 3500 quidem
597 3437 636 3480 ex
651 3414 778 3480 silentio
791 3413 994 3480 concluseris.
1016 3437 1092 3480 nam
1104 3437 1143 3480 ex
1155 3416 1247 3481 bonis
1261 3424 1292 3480 et
1306 3417 1499 3482 inlustribus

271 3520 455 3585 oratoribus
485 3520 623 3603 optimos
652 3519 722 3602 ipse
747 3518 826 3583 dicit
856 3539 889 3583 se
919 3518 1057 3584 voluisse
1079 3539 1263 3603 segregare,
1292 3519 1381 3604 quod
1409 3520 1498 3584 idem

270 3622 350 3688 fecit
373 3623 405 3686 in
429 3624 500 3688 aliis
524 3622 752 3706 scriptoribus3
776 3622 896 3686 etenim
918 3622 954 3702 si,
978 3643 1060 3705 quos
1083 3628 1253 3706 poetarum
1268 3623 1497 3689 historicorum

271 3880 472 3947 comparandis
485 3879 657 3948 (Westerm,
678 3877 766 3932 G.d.B
779 3876 794 3930 Ι
811 3879 879 3946 193),
898 3878 986 3931 tacite
1000 3878 1131 3932 concedit
1142 3894 1225 3948 posse
1237 3879 1372 3948 quosdam
1385 3877 1497 3932 libellos

272 3967 398 4020 eiusdem
424 3967 585 4036 argumenti
610 3964 730 4035 reperiri
756 3965 871 4033 ipsaque
894 3964 1063 4037 θεωρήματα
1087 3983 1150 4018 cum
1174 3982 1231 4019 non
1255 3967 1383 4034 vulgaria
1406 3981 1497 4032 neque

270 4053 339 4106 trita
366 4053 450 4119 dicit,
483 4055 581 4122 aperte
604 4052 758 4121 profitetur
782 4051 881 4103 saltem
905 4050 1039 4104 incohata
1060 4067 1128 4105 esse.
1165 4055 1248 4120 atque
1274 4053 1404 4122 profecto
1439 4051 1496 4104 iam

208 4154 210 4160 ·
272 4143 338 4192 ante
368 4133 431 4193 eum
449 4139 503 4192 boc
525 4155 626 4192 munus
646 4137 729 4191 multi
748 4136 881 4190 obierunt
898 4135 997 4202 critici,
1022 4137 1185 4205 quodinfra
1197 4139 1362 4207 diligentius
1381 4138 1496 4205 indaga-

272 4225 373 4280 bimus.

362 4313 381 4380 ¹)
400 4312 485 4366 Dion.
504 4315 575 4365 vett.
594 4327 668 4364 cens.
692 4327 719 4378 p.
737 4309 788 4361 431
815 4325 873 4376 sqq.
897 4309 1055 4377 paullulum
1074 4310 1109 4362 ab
1138 4311 1192 4364 hoc
1224 4313 1369 4364 oratorum
1396 4309 1496 4362 ordine

272 4399 398 4464 aberrat,
423 4415 487 4453 oum
512 4399 635 4467 quinque
659 4413 693 4449 ex
715 4395 773 4448 illis
800 4412 849 4448 sex
872 4395 1032 4449 oratoribus
1060 4396 1096 4449 ad
1119 4395 1288 4450 imitandum
1317 4394 1497 4449 commendet

271 4485 346 4538 Isaei
359 4487 431 4539 -loco
455 4485 615 4554 Lycurgum
639 4486 750 4536 sextum
772 4480 1022 4550 reponens3'undc
1051 4499 1102 4536 suo
1131 4482 1191 4536 iure
1219 4482 1363 4537 concludit
1387 4479 1496 4535 Steffen

270 4571 353 4625 firma
371 4589 471 4626 norma
488 4571 656 4640 Dionysium
675 4569 768 4636 ipsum
786 4568 1028 4629 viderijcaruisse.
