3362 5216
750 277 954 392 a

484 484 525 563 ab
553 496 700 581 Lysippo
727 503 855 563 statuas
881 498 988 563 facere
1019 521 1084 564 non
1113 498 1176 564 isto
1208 495 1304 566 modo
1335 491 1459 584 didicit,

484 608 522 666 ut
546 600 710 685 Lysippus
741 607 839 685 caput
866 601 1052 666 ostenderet
1078 603 1278 686 Myronium,
1306 603 1460 669 bracchia

483 704 672 784 Praxitelia,
687 707 800 786 pectus
815 704 1026 788 Polyclitium
1046 703 1205 792 [ventrem
1226 713 1258 771 et
1280 727 1376 771 crura
1388 705 1459 794 ***],

486 807 543 873 sed
589 807 697 870 omnia
733 827 843 870 coram
879 807 1073 889 magistrum
1109 809 1279 874 facientem
1315 808 1457 889 videbat,

486 916 667 976 ceterorum
687 929 786 992 opera
800 909 851 974 vel
866 930 925 974 sua
940 915 1054 992 sponte
1070 916 1200 992 poterat
1215 911 1460 998 considerare1)

284 1014 434 1084 Cornific.
464 1013 507 1078 ib.
540 1018 593 1076 lc:
629 1012 854 1076 exornationes
882 1011 916 1098 (i.
946 1034 973 1076 e.
1002 1011 1139 1098 figurae)
1166 1035 1261 1079 rarae
1283 1014 1461 1097 dispositae

483 1115 669 1180 distinctam
684 1115 780 1179 sicuti
791 1115 963 1195 coloribus,
980 1114 1114 1180 crebrae
1126 1117 1312 1182 conlocatae
1324 1117 1460 1183 oblitam

484 1217 628 1282 reddunt
651 1217 840 1282 orationem.
885 1218 1043 1282 varietate
1065 1218 1201 1283 satietas
1223 1223 1272 1282 est
1286 1218 1460 1306 vitanda&

283 1326 352 1392 Oic.
376 1322 417 1388 de
440 1321 504 1385 inv.
527 1320 566 1384 II
591 1324 710 1383 l—ll:
734 1326 771 1384 ut
793 1321 914 1384 Zeuxis
928 1321 1077 1385 Helenae
1093 1321 1300 1386 simulacrum
1315 1323 1461 1405 picturus

482 1422 524 1486 ad
559 1421 774 1506 effingendam
807 1422 1059 1505 pulchritudinis
1093 1425 1231 1506 speciem
1264 1447 1328 1489 non
1361 1447 1461 1490 unam

482 1526 648 1607 virginem,
666 1526 723 1591 sed
738 1526 881 1608 quinque
896 1525 1144 1591 formosissimas
1160 1528 1265 1610 elegit,
1281 1529 1329 1592 ite
1344 1528 1459 1594 Oicero

484 1634 588 1692 artem
614 1628 744 1692 dicendi
770 1629 1026 1712 perscripturum
1055 1650 1088 1694 se
1116 1650 1183 1693 non
1205 1652 1306 1694 unum
1327 1630 1461 1713 aliquod

483 1730 544 1795 sibi
565 1731 772 1813 proposuisse
795 1732 977 1814 exemplum
1000 1732 1087 1812 dicit,
1111 1733 1168 1797 sed
1190 1733 1338 1797 omnibus
1361 1756 1460 1798 unum

483 1833 647 1898 inlocum
670 1834 790 1898 coactis
814 1834 1035 1916 scriptoribus,
1060 1837 1148 1916 quod
1168 1837 1306 1920 quisque
1323 1857 1462 1902 commo·

473 1936 614 2010 dissime
637 1937 824 2019 praecipere
847 1937 1018 2018 videretur,
1042 1938 1077 2002 id
1100 1958 1134 2002 se
1157 1938 1397 2025 excerpsisse.⁸)

281 2045 349 2110 Oio.
375 2041 676 2122 deor.172sq.:
712 2039 862 2103 omnibus
890 2041 1039 2123 ingenuis
1067 2040 1192 2104 artibus
1221 2042 1325 2123 quiris
1353 2047 1463 2106 orator

483 2141 665 2226 perpolitus
688 2162 758 2206 esse
782 2140 887 2223 debet,
909 2143 999 2207 velut
1021 2143 1076 2224 qui
1098 2143 1223 2226 aliquid
1238 2143 1377 2227 fingunt,
1401 2145 1462 2210 etsi

485 2251 554 2309 tum
590 2245 721 2328 pictura
757 2245 837 2308 nihil
872 2248 1025 2326 utuntur,
1066 2251 1175 2310 tamen
1213 2252 1322 2311 utrum
1359 2247 1464 2312 sciant

486 2349 686 2431 pingerean
708 2348 864 2428 nesciant,
887 2369 952 2412 non
975 2347 1147 2412 obscurum
1171 2347 1259 2435 estfi)

282 2453 350 2519 Oic.
374 2451 414 2516 de
438 2471 484 2514 or.
507 2450 546 2514 Π
568 2454 608 2514 69
631 2472 696 2532 sq.:
721 2451 809 2515 tradi
824 2451 932 2515 omnia
946 2451 981 2514 in
996 2451 1121 2515 artibus
1136 2472 1202 2515 non
1216 2472 1325 2535 posse;
1350 2451 1463 2534 —qui

481 2554 660 2636 primarum
683 2559 716 2618 et
737 2559 900 2618 certarum
920 2574 1029 2617 rerum
1045 2574 1165 2636 genera
1179 2554 1252 2635 ipsa
1267 2553 1461 2634 didicerunt,

481 2656 608 2738 reliqua
635 2677 699 2719 non
726 2655 928 2720 incommode
955 2677 1014 2740 per
1036 2677 1070 2720 se
1090 2656 1329 2738 adsequuntur;
1358 2663 1406 2737 ,ut
1426 2657 1461 2720 in

482 2759 611 2841 pictura
626 2759 682 2842 qui
697 2759 836 2822 hominis
852 2759 990 2843 speciem
1000 2761 1134 2842 pingere
1147 2760 1306 2840 didicerit,
1322 2760 1462 2825 cuiusvis

481 2862 532 2926 vel
558 2861 681 2926 formae
714 2862 765 2926 vel
798 2862 914 2926 aetatis
946 2863 1079 2946 pingere
1113 2869 1238 2947 potest,
1273 2883 1377 2945 neque
1412 2868 1461 2926 est

481 2965 675 3048 periculum,
705 2965 761 3048 qui
788 2965 913 3030 leonem
942 2972 1000 3029 aut
1027 2972 1157 3030 taurum
1184 2967 1299 3050 pingat
1322 2966 1459 3048 egregie,

479 3088 520 3132 ne
546 3067 633 3132 idem
661 3069 694 3132 in
726 3068 836 3132 multis
866 3068 939 3133 aliis
968 3069 1234 3153 quadrupedibus
1261 3068 1368 3132 facere
1395 3088 1460 3131 non

482 3170 597 3252 possit3
625 3169 807 3253 Polyclitus
830 3193 902 3236 cum
924 3171 1101 3237 Herculem
1123 3170 1281 3254 fingebat,
1306 3170 1460 3254 quemad·

240 3325 443 3336 -α--ι-ι--ι-ι-

324 3425 343 3492 ¹)
363 3442 397 3478 ex
414 3425 488 3478 libro
505 3445 534 3479 π.
552 3424 688 3495 μιμήσεως
704 3424 774 3477 haec
792 3425 970 3479 transtulisse
988 3425 1103 3478 videtur
1123 3425 1297 3480 Cornificius.

323 3510 344 3580 ²)
363 3511 397 3564 cf.
417 3512 454 3565 ib.
472 3513 521 3577 323
540 3511 597 3567 oio.
622 3511 656 3564 de
681 3528 721 3564 or.
743 3511 790 3564 ΙΙΙ
812 3513 845 3566 98
864 3529 936 3580 sqq.;
961 3512 1086 3566 Demetr.
1105 3531 1134 3566 π.
1154 3514 1210 3584 έρμ.
1230 3513 1282 3578 67;
1309 3509 1394 3564 Dion.
1415 3509 1448 3562 de

236 3611 326 3666 comp.
347 3599 391 3664 193
411 3595 506 3664 Quint.
526 3596 602 3651 VIII
620 3599 644 3662 b,
663 3600 705 3652 29.
724 3599 772 3664 343
792 3615 850 3652 exc.
868 3599 959 3668 Long.
978 3599 993 3652 I
1011 3616 1039 3666 p.
1059 3599 1110 3651 325
1129 3597 1176 3665 Sp.

323 3683 343 3753 8)
362 3685 480 3737 eandem
499 3685 748 3752 comparationem,
776 3688 808 3736 ut
827 3685 862 3737 ad
881 3702 951 3752 opus
970 3691 1031 3756 περὶ
1049 3685 1185 3754 μιμήσεως
1203 3682 1385 3752 praeferetur,
1404 3679 1450 3733 ad-

234 3769 328 3822 hibuit
345 3769 431 3823 Dion.
450 3775 519 3824 vett.
540 3788 612 3825 cens.
633 3788 660 3839 p.
678 3774 729 3824 417
747 3772 777 3824 in
796 3771 909 3824 brevius
928 3771 1042 3838 quidem
1061 3775 1233 3837 coartatam
1253 3769 1286 3822 cf.
1299 3767 1372 3822 Plin.
1388 3785 1414 3820 n.
1427 3766 1454 3819 h.

235 3855 349 3909 XXXV
367 3859 415 3926 643
435 3857 496 3910 Ael.
516 3875 541 3910 v.
560 3858 586 3911 h.
606 3857 650 3912 IV
672 3860 712 3910 12.
872 3853 873 3856 '

321 3943 345 4012 ⁴)
363 3943 418 3996 hnc
438 3944 558 4010 quadrat
579 3943 702 3996 Vitruvii
725 3943 759 3996 de
777 3939 928 3995 architecti
946 3943 1105 3996 eruditione
1123 3943 1203 3995 locus
1222 3940 1238 3995 I
1259 3943 1280 4007 l,
1310 3941 1355 3992 13:
1392 3955 1457 4004 ,non

234 4030 319 4083 debet
342 4047 394 4084 nec
412 4034 510 4098 potest
528 4049 589 4084 esse
613 4030 783 4083 architectus
808 4029 1024 4098 grammaticus,
1050 4029 1092 4081 uti
1111 4028 1165 4082 fuit
1184 4027 1383 4092 Aristarchus,
1409 4024 1457 4079 sed

232 4135 289 4169 non
308 4122 509 4186 agrammatos:
534 4134 587 4170 nec
600 4117 731 4181 musicus,
744 4119 776 4168 ut
789 4116 989 4181 Aristoxenus,
1008 4116 1126 4168 sednon
1140 4131 1264 4167 amusos:
1289 4130 1341 4166 nec
1353 4113 1456 4181 pictor,

232 4208 265 4256 ut
291 4204 419 4271 Apelleo,
450 4205 499 4258 sed
527 4203 679 4272 graphidos
710 4219 767 4254 non
794 4203 956 4270 imperitus:
988 4219 1041 4256 neo
1067 4203 1187 4271 plastes,
1218 4199 1457 4269 quemadmodum

231 4289 332 4356 Myron
360 4307 407 4343 seu
437 4289 609 4358 Polyclitus,
646 4289 696 4342 sed
722 4290 842 4341 rationis
871 4289 1007 4356 plasticae
1036 4304 1095 4341 non
1121 4289 1248 4358 ignarus:
1284 4302 1337 4340 nec
1364 4285 1456 4340 denuo

232 4376 373 4441 medicus,
392 4379 425 4427 ut
443 4375 649 4444 Hippocrates,
669 4375 718 4428 sed
737 4391 794 4427 non
813 4375 1052 4444 aniatrologetos:
1076 4392 1130 4428 nec
1147 4375 1178 4426 in
1196 4371 1296 4427 ceteris
1316 4371 1454 4425 doctrinis

232 4462 349 4530 singulis
376 4461 530 4527 excellens,
558 4462 606 4516 sed
627 4462 657 4514 in
675 4461 718 4513 his
742 4478 799 4512 non
816 4461 983 4530 imperitus!
1020 4479 1055 4514 ex
1074 4459 1184 4515 Graeco
1210 4459 1349 4528 scriptore
1367 4458 1455 4512 verba

231 4549 383 4618 desumpta
401 4565 461 4602 esse
479 4547 554 4600 haud
574 4546 690 4600 difficile
708 4563 812 4600 cernes.
1452 4557 1457 4566 ·
