3362 5216
464 1273 758 1384 Sententiae
798 1281 1162 1383 controversae

256 1655 261 1669 ι
299 1613 324 1676 l.
360 1613 401 1677 In
424 1611 537 1676 tabula
559 1610 742 1676 Bodleianc
772 1611 932 1695 (Cramer,
955 1611 1080 1676 Anecd.
1104 1610 1222 1677 Graec.
1247 1610 1353 1675 Paris.
1375 1609 1428 1677 IV

363 1737 394 1797 p.
434 1715 509 1801 195)
546 1714 600 1778 hic
632 1714 775 1779 traditur
808 1720 975 1778 oratorum
1008 1713 1103 1778 ordo:
1147 1709 1331 1801 Ἰσοκράτης
1364 1717 1427 1800 Δη-

357 1814 518 1904 μοσθένης
555 1812 715 1903 Αἰσχίνης
745 1812 932 1904 Ὑπερείδης
953 1809 1115 1901 Ἀντιφῶν
1138 1809 1323 1903 Ἀνδοκίδης
1354 1812 1427 1880 Δεί-

319 1907 321 1912 ’
362 1940 474 2002 ναρχος
497 1921 689 2002 Λυκοῦργος
715 1916 784 1982 καὶ
808 1915 948 1993 Λυσίας.
991 1939 1050 2001 pro
1078 1917 1235 1982 vocabulo
1258 1917 1313 1982 καί
1335 1919 1425 1982 resti-

363 2022 521 2085 tuendum
545 2028 594 2085 est
613 2014 770 2095 Ἰσαῖος.
937 2029 940 2034 “

279 2123 325 2188 Il.
361 2122 537 2188 Caecilium
576 2121 780 2188 Calactinum
819 2122 975 2206 Dionysio
1012 2122 1277 2187 Halicamasensi
1318 2129 1427 2188 aetate

365 2226 574 2289 antecessisse
607 2246 781 2308 perperam
812 2225 978 2290 contendit
1009 2225 1080 2289 Ioh.
1115 2225 1265 2303 Mueller,
1300 2225 1340 2289 de
1372 2226 1426 2308 fig.

367 2328 586 2410 quaesterit.
609 2327 637 2408 I,
661 2326 737 2392 diss.
761 2326 888 2410 Gryph.
915 2331 996 2390 1880
1018 2348 1047 2411 p.
1073 2331 1092 2389 6
1114 2349 1145 2391 n.
1171 2330 1199 2391 5.

263 2428 331 2492 ΠΙ.
367 2429 464 2493 Dion.
487 2428 533 2494 H.
556 2428 596 2492 de
613 2428 715 2494 Thuc.
739 2429 814 2494 hist.
837 2451 862 2493 ο.
886 2434 908 2494 4
929 2451 961 2512 p.
984 2435 1046 2493 817
1063 2431 1102 2496 R.
1121 2429 1285 2512 scripsisse
1300 2429 1428 2493 videtur

361 2530 503 2610 ,πολλῶν
531 2525 629 2615 ἔργων
656 2526 714 2610 οὐχ
743 2529 847 2618 ἥττων
869 2535 928 2595 τοῦ
949 2528 1091 2612 τεχνίτου
1113 2529 1222 2619 κριτὴς
1243 2525 1260 2596 ὁ
1284 2525 1423 2618 ἰδιώτης,

360 2635 425 2696 τῶν
454 2655 488 2716 γε
518 2633 560 2697 δι’
586 2628 769 2721 αἰσθήσεως
800 2627 963 2708 καύτοῖς
985 2636 1088 2719 (codd.
1114 2632 1274 2720 καὶτοῖς)
1299 2631 1426 2698 πάθεσι

364 2733 721 2820 καταλαμβανομένων(
1467 2729 1469 2741 “

264 2837 324 2904 IV.
359 2837 548 2903 Demetrius
578 2839 654 2904 libri
685 2836 761 2926 περὶ
792 2832 956 2925 ἑρμηνείας
987 2839 1127 2922 scriptor
1152 2839 1254 2904 aetati
1284 2837 1427 2920 Augusti

363 2940 584 3023 adsignandus
608 2948 665 3006 est.

284 3041 324 3107 V.
360 3043 462 3126 Apud
477 3043 632 3128 Hermcg.
650 3069 688 3108 τι.
710 3038 752 3107 id.
770 3043 808 3107 II
822 3064 853 3125 p.
871 3047 933 3108 352
949 3041 1005 3126 Sp.
1023 3043 1080 3128 (ε
1095 3043 1154 3108 ΙΙΙ
1168 3066 1199 3126 p.
1217 3046 1278 3106 306
1296 3042 1365 3128 W.)
1382 3044 1427 3107 sic

362 3145 533 3227 legendum
561 3167 692 3211 censeo:
727 3142 831 3232 ,παρὰ
857 3142 893 3208 δὲ
921 3135 961 3209 αὗ
986 3149 1034 3231 τῷ
1059 3142 1238 3231 Μενάνδρῳ
1264 3139 1361 3230 μυρία
1389 3139 1427 3208 δν

364 3246 467 3330 εὕροις
489 3251 639 3328 τοιαῦτα,
669 3246 726 3312 καὶ
748 3251 899 3332 γυναῖκας
920 3245 1114 3335 ληρούσας
1135 3247 1239 3333 (codd.
1262 3245 1427 3333 λέγουσας)

363 3349 418 3413 καί
456 3347 639 3425 νεανίσκους
674 3348 813 3436 ἐρῶντας
840 3349 897 3414 καί
930 3345 1099 3435 μαγείρους
1128 3385 1159 3418 a*
1192 3349 1298 3436 (deest
1326 3351 1427 3433 parti-

362 3453 495 3538 cipium)
529 3451 585 3517 καί
616 3450 802 3540 παρθένους
822 3451 1054 3538 ,θρυπτομένας
1082 3448 1139 3516 καί
1168 3474 1261 3528 τινας
1290 3446 1447 3528 drove..

266 3550 326 3619 Vl.
362 3555 402 3618 In
431 3554 499 3619 rita
525 3554 694 3639 Apollonii
719 3554 842 3621 Rhodii
870 3578 902 3639 p.
931 3558 1008 3636 534,
1037 3558 1080 3620 24
1101 3556 1150 3620 ed.
1172 3554 1299 3620 Merkel
1321 3555 1426 3640 (Lips.

363 3656 461 3742 1854)
488 3656 587 3722 verba
618 3655 694 3738 ,καί
729 3655 966 3746 σοφιστεύει
999 3655 1235 3745 ῥητορικοὺς
1270 3654 1427 3744 λόγους(

364 3757 591 3841 interpolatori
612 3759 784 3843 debentur,
814 3761 870 3844 qui
893 3760 1105 3844 Apollonium
1127 3763 1374 3844 grammaticum
1395 3769 1428 3828 et

193 3939 196 3945 Α
357 3859 571 3943 Apollonium
592 3863 755 3928 rhetorem
776 3861 924 3928 Rhodios
947 3862 1115 3928 confudit·

246 3957 326 4026 VII.
362 3962 429 4027 Oic.
458 3963 498 4029 de
524 3965 588 4030 inv.
617 3965 656 4030 H
686 3971 715 4049 ὅ,
741 3971 780 4032 16
803 3967 947 4049 scripsit:
982 3987 1079 4048 ,nunc
1102 3985 1297 4049 exponemus
1327 3965 1426 4048 locos,

363 4087 502 4149 quorum
536 4088 614 4150 pars
653 4067 763 4151 aliqua
798 4070 832 4133 in
870 4090 996 4134 omnem
1032 4068 1281 4136 coniecturalem
1315 4070 1430 4135 incidit

362 4169 702 4235 constitutionem
726 4170 828 4257 (codd.
853 4170 1131 4256 controversiam).

229 4265 327 4334 VIII.
362 4269 463 4353 Apud
479 4269 547 4337 Oic.
564 4272 604 4337 de
619 4273 683 4337 inv.
700 4273 805 4355 1150,
823 4278 900 4338 150:
917 4273 1015 4354 ,locos
1030 4279 1140 4338 autem
1156 4296 1379 4340 communes
1394 4274 1428 4340 in

362 4372 424 4438 hoc
444 4395 562 4458 genere
584 4375 834 4460 argumentandi
854 4375 913 4440 hos
936 4383 969 4441 et
984 4376 1171 4442 huiusmodi
1185 4378 1344 4462 quosdam
1358 4398 1428 4444 esse

362 4475 571 4542 arbitramur‘
593 4499 656 4543 vox
677 4485 883 4562 ,communes‘
904 4478 1043 4544 delenda
1066 4485 1126 4548 est.
