3362 5216
781 308 984 405 ...11-

318 513 408 596 111,
434 517 473 578 12
496 511 826 598 (progymnasmata
857 511 912 592 qui
935 512 1170 595 narrationem,
1198 513 1330 580 laudam
1360 521 1392 582 ct
1413 517 1495 584 vitu-

522 615 734 698 perationem,
757 613 875 694 thesin,
898 636 1083 681 communes
1098 617 1185 682 locos
1201 617 1245 682 ad
1259 618 1494 687 instituendum

520 722 684 783 oratorem
706 737 786 800 opus
810 737 879 781 csse
900 718 1050 801 negabit,
1077 720 1105 784 is
1133 739 1173 784 ne
1196 724 1339 786 statuam
1362 722 1494 807 qrridem

422 818 424 826 ’
518 819 664 884 incohari
687 819 806 899 credet,
830 839 903 884 cum
926 821 995 884 eius
1016 820 1162 886 membra
1184 821 1370 890 fundentur.

318 923 409 1004 113,
433 927 468 987 6:
491 922 639 1006 protinus
661 923 783 1005 optimo
806 928 1016 1006 praeceptore
1044 944 1114 988 esse
1139 924 1312 1008 utendum,
1341 949 1414 994 cum
1437 931 1494 1012 qui

519 1025 553 1091 in
575 1024 753 1090 maioribus
775 1025 925 1104 emineat,
948 1045 1021 1090 eum
1035 1025 1094 1090 illa
1109 1027 1235 1092 minora
1250 1049 1315 1094 non
1330 1030 1492 1114 deficiant,

522 1129 595 1210 ,nisi
614 1128 697 1193 forte
719 1127 832 1193 Iovem
854 1126 986 1210 quidem
1012 1127 1149 1194 Phidias
1177 1121 1298 1214 optime
1323 1132 1409 1215 fecit,
1435 1136 1493 1200 illa

497 1237 647 1313 autem,
677 1251 761 1315 quae
787 1231 821 1296 in
848 1235 1072 1296 ornamentum
1101 1233 1213 1316 operis
1232 1235 1300 1300 eius
1323 1236 1492 1321 accedunt,

520 1334 602 1398 alius
617 1333 731 1400 melius
747 1333 955 1399 elaborasset‘
973 1333 1028 1419 (cf.
1046 1333 1089 1398 ad
1103 1333 1169 1400 Oic.
1186 1336 1227 1402 de
1242 1357 1287 1405 or.
1304 1338 1344 1404 H
1360 1344 1400 1405 69
1416 1343 1492 1429 sep).

319 1437 358 1502 II
382 1443 431 1519 13,
456 1443 475 1502 8
498 1457 572 1520 sqq:
595 1457 647 1501 res
663 1436 743 1502 duas
758 1438 792 1501 in
808 1427 896 1502 o'mni
910 1442 986 1502 actu
1001 1441 1126 1521 spectat
1141 1443 1262 1520 orator,
1286 1443 1365 1524 quid
1379 1442 1493 1510 deceat

520 1545 553 1606 et
575 1539 653 1623 quid
674 1539 836 1622 expediat.
869 1540 946 1605 huic
963 1537 1111 1625 περὶτοῦ
1125 1537 1310 1626 πρέποντος
1324 1544 1492 1613 doctrinae

522 1639 742 1726 Quintilianus
771 1643 1052 1708 accuratissimam
1080 1642 1120 1707 de
1149 1646 1267 1710 statuis
1295 1653 1328 1712 et
1355 1649 1492 1731 picturis

519 1745 771 1829 disputationem
783 1745 995 1829 comparandi
1006 1746 1115 1828 gratia
1129 1747 1266 1813 inseruit
1282 1745 1491 1836 exemplaque

521 1849 634 1914 attulit
673 1849 817 1932 Myronis
856 1848 1070 1928 discobolum,
1110 1849 1239 1932 Apellis
1277 1852 1491 1939 Antigonum,

523 1951 707 2016 Timanthis
730 1951 944 2034 Iphigeniam.
987 1951 1026 2015 cf.
1050 1952 1093 2017 ad
1115 1951 1182 2020 Oic.
1205 1976 1250 2020 or.
1276 1960 1325 2021 73.

319 2057 358 2120 H
382 2059 430 2137 17,
455 2061 486 2120 3:
510 2054 705 2118 rhetoricam
727 2055 849 2118 maiore
871 2055 941 2119 iure
963 2060 1068 2119 artem
1089 2076 1167 2137 esse,
1192 2079 1290 2141 quam
1310 2058 1493 2126 fabricandi

519 2155 650 2221 texendi
673 2156 781 2221 eluto
804 2177 882 2220 vasa
904 2156 1043 2222 ducendi
1066 2163 1162 2223 artes.

319 2260 359 2326 Π
382 2264 431 2342 17,
455 2265 511 2325 21:
536 2265 667 2341 ,orat0r,
691 2280 764 2324 curn
785 2258 868 2324 falso
891 2262 994 2324 utitur
1015 2281 1074 2342 pro
1091 2282 1178 2342 vero,
1202 2263 1264 2328 scit
1284 2284 1353 2329 esse
1375 2263 1492 2329 falsum

523 2412 530 2428 .
555 2413 562 2426 .
588 2410 594 2427 .
619 2412 625 2426 .
649 2369 687 2428 ut
701 2364 817 2445 pictor,
831 2383 904 2427 cum
919 2363 950 2426 vi
964 2363 1045 2428 artis
1061 2385 1139 2429 suae
1155 2365 1264 2445 efficit,
1279 2370 1317 2430 ut
1331 2367 1492 2449 quaedam

522 2466 661 2531 eminere
682 2465 838 2548 inopere,
862 2465 1022 2547 quaedam
1036 2469 1207 2534 recessisse
1222 2467 1402 2551 credamus,
1423 2470 1498 2553 ipsc

521 2590 559 2634 ca
580 2569 679 2651 plana
702 2589 771 2634 esse
792 2589 857 2633 non
878 2569 1002 2634 nescit‘.

317 2674 358 2740 ΙΙ
382 2679 431 2756 19,
455 2678 489 2739 3:
514 2676 752 2738 consummatos
775 2677 920 2738 oratores
946 2672 1019 2755 plus
1047 2672 1213 2738 doctrinae
1233 2672 1365 2753 debere,
1395 2694 1492 2756 quam

521 2782 674 2840 naturae:
716 2779 751 2838 at
785 2775 853 2839 sola
883 2781 1002 2839 natura
1031 2774 1155 2857 aliquid
1183 2773 1262 2858 fingi
1290 2797 1401 2860 posse,
1427 2798 1492 2842 non

522 2878 593 2944 sola
614 2882 694 2942 arte.
739 2877 777 2957 ,si
803 2876 988 2942 Praxiteles
1012 2878 1139 2960 signum
1161 2877 1294 2960 aliquod
1317 2901 1357 2944 ex
1377 2879 1492 2945 molari

499 2981 630 3064 lapide
660 2986 795 3045 conatus
828 2985 914 3044 esset
947 2980 1149 3064 exsculpere,
1184 2981 1320 3047 Parium
1351 3004 1492 3048 marmor

522 3085 637 3150 vellem
658 3082 753 3162 rude3
777 3088 813 3147 at
835 3084 863 3148 si
881 3082 963 3148 illud
982 3083 1065 3147 idem
1083 3083 1202 3148 artifex
1218 3085 1401 3169 expolisset,
1417 3084 1491 3169 plus

520 3189 554 3252 in
572 3185 722 3252 manibus
744 3185 868 3266 fuisset,
893 3206 990 3269 quam
1011 3185 1044 3250 in
1067 3191 1248 3252 marmore!

320 3291 359 3379 II
384 3289 434 3373 21,
458 3297 478 3356 8
501 3313 586 3375 sqq:
617 3289 767 3370 ,materia
786 3289 964 3355 rhetorices
986 3311 1093 3374 neque
1116 3289 1245 3356 infinita
1272 3295 1335 3371 est,
1364 3290 1493 3354 etiamsi

521 3401 571 3458 est
592 3392 772 3475 multiplex,
796 3398 829 3457 et
850 3393 934 3458 aliae
957 3414 1085 3478 quoque
1108 3399 1196 3460 artes
1217 3393 1356 3460 minores
1372 3391 1493 3458 habent

521 3494 733 3579 multiplicem
769 3496 956 3571 materiam,
990 3496 1079 3561 velut
1107 3495 1359 3562 architectonice
1389 3545 1396 3560 .
1421 3544 1428 3560 .
1453 3544 1492 3559 ..

522 3599 688 3663 caelatura
711 3645 718 3659 .
743 3645 750 3660 .
774 3645 781 3660 .
806 3645 813 3660 .
837 3599 1023 3680 scalptura!

320 3705 360 3771 Π
382 3709 433 3786 21,
455 3707 510 3769 24:
534 3702 786 3766 instrumentum
807 3722 871 3765 non
894 3701 935 3766 ab
958 3707 1029 3766 arte
1043 3700 1216 3780 rhetorica,
1240 3698 1297 3764 sed
1312 3700 1354 3766 ab
1371 3699 1494 3767 artifice

523 3804 655 3888 requiri.
690 3823 804 3885 ,neque
817 3803 900 3868 enim
913 3805 1048 3870 scientia
1057 3802 1222 3868 desiderat
1234 3803 1495 3884 instrumentum,

521 3927 605 3989 quae
626 3910 736 3989 potest
758 3927 828 3972 esse
855 3912 1090 3986 consummata,
1121 3907 1249 3973 etiamsi
1274 3905 1356 3970 nihil
1383 3905 1493 3986 faciat,

521 4009 577 4076 scd
599 4009 655 4074 ille
677 4007 808 4090 ortiles,
838 4013 875 4074 ut
903 4010 1047 4076 caelator
1074 4009 1201 4076 caelum
1224 4012 1258 4074 et
1277 4009 1385 4093 pictor
1405 4008 1494 4094 peni·

521 4112 648 4199 cilla‘1)
682 4122 685 4126 '

367 4301 391 4368 ¹)
409 4299 553 4367 hucusque
571 4316 606 4352 ex
632 4298 692 4353 solo
715 4298 804 4352 altero
829 4296 997 4365 Quintiliani
1020 4296 1093 4351 libro
1116 4297 1245 4367 exempla
1266 4297 1388 4366 protuli,
1410 4297 1498 4352 ceteri

279 4385 346 4438 libri
364 4402 455 4453 pauca
467 4386 665 4455 suppeditant;
683 4401 769 4453 quare
782 4372 839 4438 non
852 4385 964 4439 videtur
976 4383 1089 4438 audacis
1102 4400 1163 4437 esse
1176 4385 1304 4438 conicere
1316 4384 1346 4437 in
1357 4383 1412 4438 hoc
1423 4383 1497 4438 libro

277 4471 483 4526 conscribendo
497 4470 676 4539 Quintiliano
689 4472 862 4540 singularem
880 4487 1000 4540 eumque
1012 4455 1159 4524 Graecum
1179 4471 1228 4540 (de
1239 4471 1497 4541 progymnasmatis

274 4557 435 4628 rhetoricis)
451 4558 561 4612 fontem
579 4560 693 4630 praesto
711 4557 805 4625 fuisse,
824 4574 859 4614 ax
877 4574 931 4627 quo
948 4558 1011 4614 illas
1029 4560 1111 4613 notas
1128 4556 1262 4612 hauserit.
