3362 5216
779 343 818 402 79

192 544 360 609 commode
386 543 597 626 multiplicari
623 551 773 629 possunt,
804 565 877 608 eum
904 541 947 606 ad
973 539 1070 606 finem
1099 543 1211 622 attuli,
1241 549 1278 608 ut
1305 545 1412 626 imago

188 647 359 713 'doctrinae
376 648 599 730 Pergamenae
614 649 709 712 nimis
725 647 924 726 oblitterata,
949 667 1020 710 cum
1036 645 1177 712 Romani
1192 647 1413 727 Pergamenos

191 747 370 816 imitatione
393 752 640 833 expressissent,
665 750 887 834 refingeretur,
914 757 1014 830 eoque
1037 748 1151 812 melius
1170 749 1415 833 intellegeretur

191 853 413 936 Pergamenos
424 876 483 936 pro
497 854 677 918 studiorum
685 854 794 920 indole
804 876 843 918 ac
854 853 980 918 ratione
991 851 1124 916 canonis
1135 858 1301 917 oratorum
1312 852 1414 918 Grae-

193 977 304 1022 corum
326 963 474 1024 auctores
497 956 606 1022 fuisse.
662 962 759 1040 atque
779 958 847 1046 sine
865 958 963 1025 dubio
980 955 1049 1036 ipse
1060 956 1236 1026 Volcacius
1252 955 1415 1038 Sedigitus

193 1059 1415 1150 suumdecemcomicorumRomanorumcanoneml)adexemplumsimilium

193 1163 350 1228 decadum
371 1164 648 1245 Pergamenarum
672 1165 895 1230 conformavit.
940 1166 1183 1232 Alexandrinos
1206 1162 1322 1228 saltem
1338 1161 1415 1227 Vol-

194 1268 301 1330 cacius
312 1289 378 1331 uon
391 1265 520 1330 videtur
531 1273 660 1332 secutus
673 1291 751 1350 esse,
762 1269 850 1352 quod
861 1276 991 1353 praeter
1004 1269 1136 1335 decadis
1146 1287 1316 1335 numerum
1327 1265 1415 1347 apud

192 1369 434 1435 Alexandrinos
449 1369 614 1435 insolitum
625 1377 808 1454 temporum
821 1374 935 1437 calculi
946 1373 1097 1438 ridentur
1109 1372 1238 1447 docere3
1255 1390 1331 1433 narn
1344 1391 1415 1432 eum

191 1473 260 1556 ipso
275 1494 300 1536 c.
315 1477 355 1536 90
368 1473 500 1538 floreret
512 1473 705 1556 ,multosque
719 1476 860 1540 incertos
876 1482 1000 1541 certare
1011 1478 1096 1541 hanc
1107 1496 1175 1538 rem
1187 1473 1331 1552 vidisset,
1347 1472 1415 1554 pal·

192 1597 277 1640 marn
291 1581 406 1659 poetae
422 1578 543 1641 comico
560 1579 611 1641 cui
623 1578 796 1644 deferrent‘
813 1579 912 1665 (Gall.
928 1581 998 1647 XV
1010 1583 1060 1660 24,
1077 1579 1119 1663 1),
1137 1575 1295 1640 eiusmodi
1308 1574 1416 1638 studia

194 1679 305 1743 critica
326 1679 452 1744 Romae
478 1685 554 1744 ante
587 1684 647 1744 100
674 1680 820 1747 floruisse
843 1684 1004 1765 sequitur;
1035 1703 1098 1764 quo
1127 1687 1272 1762 tempore
1295 1679 1416 1760 Perga-

119 1833 126 1845 ,
192 1803 358 1846 manorum
381 1785 558 1848 auctoritas
574 1784 699 1848 Romae
714 1784 888 1868 plurimum
904 1787 1015 1866 valuit,
1040 1807 1112 1849 cum
1127 1784 1167 1848 de
1183 1781 1417 1846 Alexandrinis

194 1885 272 1949 nihil
295 1886 375 1949 certi
398 1886 552 1949 memoria
575 1887 616 1950 sit
637 1887 812 1968 proditum.
857 1891 968 1972 itaque
992 1892 1019 1954 si
1042 1889 1248 1970 Pergamena
1271 1886 1417 1967 exempla

193 1989 338 2052 imitatus
372 1995 422 2052 est
454 1987 633 2070 Sedigitas,
669 1990 805 2056 decades
836 1993 979 2056 virorum
1009 1991 1235 2056 excellentium
1263 1990 1417 2071 Pergami

194 2097 267 2154 ante
300 2096 360 2154 100
390 2098 520 2173 praesto
550 2091 649 2156 fuisse
676 2100 819 2172 constat3
850 2095 935 2159 inter
958 2117 1039 2178 quas
1063 2097 1161 2158 etiam
1182 2094 1266 2158 hanc
1289 2091 1329 2156 de
1352 2113 1417 2174 qua

194 2215 254 2276 ago
283 2193 478 2275 rettulerim,
507 2196 699 2276 praesertim
729 2218 801 2260 cum
830 2197 910 2262 hacc
936 2204 1118 2281 temporum
1147 2195 1322 2278 descriptio
1345 2216 1417 2258 cum

194 2295 256 2359 illis
271 2361 273 2364 ,
291 2296 511 2378 superioribus
547 2299 666 2380 optime
705 2307 872 2382 congruat.
930 2322 1034 2383 neque
1072 2299 1225 2364 turbatur
1262 2299 1417 2380 temporis

195 2399 392 2482 computatio
416 2399 611 2482 Apollodori
633 2407 741 2466 aetate
765 2409 926 2485 respecta,
954 2404 1105 2485 quicum
1130 2423 1156 2466 c.
1180 2405 1223 2464 64
1246 2401 1352 2464 clarus
1376 2401 1418 2465 sit

195 2503 326 2567 habitus
350 2501 500 2587 (Hieron.
525 2502 568 2566 ad
591 2505 736 2590 11953)
758 2527 861 2587 neque
883 2507 962 2589 ipse,
986 2511 1023 2570 ut
1045 2507 1101 2589 qui
1115 2505 1214 2569 fuerit
1230 2505 1418 2568 Atticorum

196 2627 325 2670 severus
348 2611 505 2685 sectator,
531 2607 628 2670 huius
653 2609 784 2672 canonis
806 2600 928 2673 auctor
943 2631 1012 2672 esse
1034 2609 1192 2692 potuerit,
1215 2629 1317 2671 canon
1342 2612 1418 2670 ante

196 2709 275 2773 illud
297 2716 425 2791 tempus
449 2708 612 2774 confectus
636 2715 694 2774 est.
740 2732 822 2793 quae
846 2733 917 2776 cum
939 2713 986 2776 ita
1008 2713 1082 2791 sint,
1107 2717 1181 2792 stat,
1206 2732 1304 2793 quam
1319 2731 1419 2792 supra

195 2813 373 2896 posuimuS,
403 2811 443 2875 de
472 2833 594 2877 canone
623 2812 729 2895 opinio
756 2815 885 2897 iamque
912 2815 962 2879 ita
988 2815 1171 2898 suppletur,
1198 2819 1235 2877 11
1262 2834 1418 2877 canonem

196 2917 306 2982 decem
329 2920 496 2980 oratorum
518 2915 707 2980 Atticorum
730 2915 929 2980 Asianorum
956 2919 1082 2982 ratione
1113 2917 1226 2982 habita
1247 2939 1267 2980 a
1289 2917 1418 2981 rhetore

196 3025 228 3084 et
258 3019 369 3082 critico
398 3017 600 3099 Pergameno
637 3024 712 3082 ante
746 3004 943 3102 Apollodori
976 3021 1153 3104 1111111112)
1189 3020 1230 3107 (o.
1265 3019 1341 3103 125)
1377 3018 1419 3083 ad

196 3122 410 3185 imitationem
429 3121 632 3204 propositum
648 3143 717 3186 esse
734 3121 967 3187 confirmemus.
1007 3125 1124 3207 quibus
1138 3123 1284 3207 probatis
1301 3123 1418 3201 omnia,

200 3229 358 3306 quantum
387 3245 446 3308 ego
478 3224 585 3304 video,
619 3227 858 3290 accuratissime
891 3227 1074 3291 concinunt.
1128 3227 1281 3291 Panaetii
1312 3231 1420 3290 aetate

200 3349 272 3392 cum
296 3323 372 3412 περὶ
394 3324 597 3413 καθήκοντος
617 3327 718 3391 libros
741 3329 868 3412 scripsit
889 3329 992 3394 idest
1015 3351 1040 3393 c.
1067 3333 1127 3393 142
1151 3351 1254 3394 canon
1277 3328 1421 3393 nondum

196 3438 266 3496 erat
295 3431 500 3494 constitutus.
546 3435 580 3493 at
602 3431 712 3514 paullo
734 3437 823 3514 post,
853 3454 926 3496 cum
947 3433 1136 3498 Atticorum
1159 3433 1312 3513 imitati0,
1337 3453 1419 3515 quae

197 3739 236 3774 or.
260 3719 308 3773 111
331 3719 447 3784 26-283
472 3723 617 3772 oratorum
642 3719 755 3773 ordines
777 3721 828 3774 hos
851 3721 959 3775 adfero:
983 3721 1065 3774 Brut.
1088 3724 1130 3776 84.
1159 3723 1221 3788 143;
1246 3724 1342 3789 1118
1366 3739 1420 3789 sq.;

197 3807 278 3860 Brut.
303 3807 361 3858 173.
383 3805 445 3870 186;
469 3822 508 3858 or.
534 3808 594 3872 1603
617 3805 698 3859 Brut.
719 3809 775 3861 181.
795 3810 1009 3865 20111111).
1034 3808 1115 3860 simul
1135 3825 1287 3877 cognosces
1307 3809 1341 3861 de
1360 3826 1421 3862 ora-

197 3897 293 3946 torum
316 3891 510 3946 Romanorum
532 3893 706 3959 praestantia
734 3895 845 3962 saepius
872 3895 958 3948 etiam
981 3899 1048 3948 ante
1079 3895 1243 3949 Ciceronem
1271 3912 1287 3947 a
1314 3895 1419 3948 criticis

200 3979 355 4033 iudicatum
374 3995 442 4031 esse.
1412 3989 1414 3994 ‘

286 4067 307 4135 1)
326 4063 442 4128 Teuffel,
462 4061 540 4118 RLG
559 4082 585 4132 p.
605 4063 687 4131 239³;
706 4065 787 4131 23043
814 4065 961 4134 Ladewig,
979 4065 1049 4118 iiber
1067 4066 1122 4118 den
1135 4065 1240 4118 Kanon
1259 4064 1307 4118 des
1327 4064 1361 4118 V.
1381 4064 1419 4130 S,

200 4152 375 4206 Neustrelitz
395 4153 474 4217 18423
498 4149 586 4203 Henr.
605 4148 678 4214 lber,
703 4150 737 4203 de
756 4151 791 4204 V.
810 4151 838 4204 S.
852 4167 966 4216 canone,
985 4151 1051 4204 diss.
1064 4151 1185 4206 Monast.
1207 4152 1272 4204 1865
1279 4172 1285 4218 3
1306 4151 1419 4204 Ritschl

201 4240 233 4292 in
251 4239 330 4294 Suet.
349 4239 392 4292 ed.
411 4237 535 4292 Rffschd.
554 4254 581 4304 p.
600 4237 650 4288 501
671 4253 711 4305 sq.

286 4325 309 4395 ¹)
333 4343 349 4378 1
373 4323 573 4394 probabilitate
596 4340 771 4391 nequaquam
795 4325 929 4377 abhorret
949 4323 980 4376 iu
1002 4341 1035 4376 ea
1059 4323 1156 4377 schola
1178 4324 1364 4393 Pergamena,
1388 4342 1422 4378 ex

199 4430 255 4481 qua
281 4413 474 4482 Apollodorus
501 4411 684 4478 processerit,
713 4427 849 4464 canonem
877 4427 936 4463 esse
963 4415 1155 4480 procreatum;
1187 4412 1227 4463 sic
1256 4413 1422 4480 explicatur,

200 4499 277 4568 quod
306 4517 370 4553 eum
397 4497 568 4566 Apollodori
595 4497 750 4566 discipulus
770 4497 919 4561 Caecilius,
952 4496 1000 4563 qui
1027 4513 1043 4548 a
1070 4497 1206 4566 magistro
1229 4515 1294 4550 eum
1311 4499 1423 4551 videtur

200 4587 350 4656 accepisse,
371 4601 503 4654 respuere
521 4586 642 4637 veretur.
