3362 5216
791 311 832 372 95

437 508 558 595 anus,¹)
583 507 728 578 Graecos
745 512 939 598 Quintiliani
961 517 1076 578 auctor
1100 507 1208 578 nescio
1237 509 1308 596 quia
1325 514 1418 600 (XII

444 615 494 693 10,
518 617 559 678 20
582 615 678 699 sqq.).

280 729 333 794 nx
356 733 472 796 ceteris
495 734 717 816 scriptoribus,
741 756 880 819 quorum
895 736 1018 819 scripta
1034 735 1077 800 ad
1089 735 1174 800 hano
1190 736 1415 817 quaestionem

197 834 379 898 accuratius
408 835 611 902 tractandam
640 837 835 903 conferenda
858 844 947 920 sunt,
977 839 1130 918 Latinos,
1158 837 1192 903 in
1221 859 1304 920 quos
1333 838 1417 903 forte

196 934 310 1015 incidi,
337 937 436 1001 laudo
460 937 611 1003 Tacitum
645 939 736 1026 (dial.
762 963 788 1006 o.
811 947 852 1006 20
875 941 928 1007 fin.
953 946 986 1008 et
1009 963 1035 1006 o.
1064 945 1104 1004 22
1128 939 1243 1025 med),
1274 940 1419 1005 Plinium

198 1036 261 1122 (ep.
285 1038 303 1102 I
326 1043 377 1102 20.
400 1039 439 1104 Π
462 1045 491 1105 ὅ.
520 1041 578 1106 ΠΙ
609 1043 678 1128 13),
709 1043 909 1109 Frontonem
936 1043 994 1130 (ad
1016 1043 1094 1111 Ver.
1124 1044 1144 1108 I
1175 1047 1191 1106 1
1222 1065 1253 1125 p.
1281 1047 1341 1107 113
1370 1064 1418 1125 sq.

199 1139 243 1204 ad
264 1141 412 1208 Marcum
428 1141 604 1210 Caesarem
626 1145 664 1210 H
688 1149 707 1209 3
729 1169 761 1229 p.
785 1153 825 1212 28
848 1147 960 1233 Nau),
986 1146 1131 1213 Graecos
1146 1146 1180 1209 in
1194 1147 1307 1229 primis
1322 1145 1421 1210 Luci-

199 1264 312 1325 anum,
339 1251 511 1328 praeterea
540 1247 683 1312 Dionem
711 1247 993 1332 Chrysostomum,
1023 1249 1281 1331 Hermogenem,
1309 1249 1421 1313 Philo·
1480 1296 1483 1299 -

200 1352 348 1428 stratum,
366 1347 562 1432 Gregorium
573 1350 666 1433 Nan,
684 1351 909 1431 Themistium
924 1352 1090 1417 Thoonem
1102 1350 1234 1434 prog.,2)
1247 1350 1421 1416 Nicolaum

202 1450 293 1533 soph.
316 1473 419 1535 prog,
444 1452 627 1535 Syriarum.

287 1551 412 1637 Quodsi
444 1554 589 1621 locorum
621 1555 769 1621 tabulam
801 1557 1003 1639 propositam
1033 1556 1231 1638 inspicimus,
1265 1557 1421 1620 miramur

199 1656 522 1743 profecto,·quantos
545 1660 636 1724 crisis
656 1680 845 1742 progressus
867 1658 996 1738 fecerit,
1020 1679 1117 1744 quam
1138 1659 1172 1723 in
1194 1658 1314 1723 talibus
1337 1680 1422 1723 com-

199 1759 423 1841 parationibus
449 1763 572 1827 versari
597 1762 897 1841 animadvertimus,
926 1762 1038 1845 quales
1065 1762 1153 1844 apud
1180 1761 1276 1826 huius
1304 1765 1421 1826 aetatis

201 1862 373 1944 scriptores
393 1864 499 1949 rarol)
519 1865 752 1948 deprehendas.
790 1887 831 1929 ne
852 1871 961 1929 tamen
981 1885 1041 1947 per
1067 1869 1170 1927 totam
1192 1865 1422 1949 antiquitatem

198 1963 280 2028 illud
303 1968 510 2048 comparandi
532 1968 675 2033 studium
697 1969 835 2052 viguisse
856 1967 979 2032 credas
1022 1961 1218 2030 Aristoteles
1241 1966 1372 2051 quidem
1387 1967 1422 2030 in

202 2067 305 2148 poetis
329 2070 539 2158 aestimandi-s
570 2071 730 2136 artificum
760 2073 895 2134 virtutes
926 2071 959 2133 in
991 2068 1266 2150 comparationem
1297 2070 1424 2133 vocavit

203 2169 258 2253 (ol.
276 2191 302 2234 e.
327 2192 357 2254 g.
372 2180 457 2254 poet.
475 2195 501 2238 c.
518 2181 547 2238 2.
564 2180 600 2253 6;
616 2175 708 2257 polit.
726 2173 816 2241 VIII
833 2178 861 2252 5,
885 2174 928 2259 7),
953 2192 1150 2257 quamquam
1172 2169 1271 2234 aliam
1293 2176 1422 2235 secutus

202 2278 251 2337 est
278 2276 439 2340 rationem
465 2283 564 2363 atque
591 2279 737 2342 rhetores
765 2275 820 2360 (ci.
849 2275 955 2356 Blass,
980 2273 1043 2340 ΘΒ
1066 2275 1153 2359 223).
1196 2275 1320 2356 primus
1346 2295 1422 2338 vero

203 2375 290 2458 quod
302 2377 402 2441 sciam
415 2385 577 2444 oratorem
593 2400 666 2443 cum
680 2378 804 2442 artifice
819 2379 1020 2461 comparavit
1030 2377 1220 2442 Philonicns
1236 2376 1424 2441 dialecticus

203 2475 390 2560 Sicyonius,
424 2481 513 2544 cuius
543 2481 711 2562 iudicium,
742 2503 813 2545 oum
845 2480 949 2544 solum
970 2480 1152 2544 Isocratem
1177 2485 1245 2543 tum
1267 2481 1423 2561 temporis

204 2579 245 2645 ab
259 2580 462 2665 philosophis
478 2585 564 2649 omni
585 2583 679 2649 modo
703 2589 851 2667 carptum
874 2588 1037 2666 spectaret
1057 2583 1188 2668 eiusque
1211 2582 1423 2646 elocutionem

204 2703 268 2747 uno
292 2683 467 2771 eodemque
494 2692 607 2751 tenore
627 2686 854 2768 procedentem
877 2687 1068 2769 exagitaret,
1092 2687 1172 2750 satis
1194 2706 1361 2750 commune
1384 2705 1423 2748 ac

204 2786 336 2870 vulgare
359 2793 417 2869 est,
441 2793 476 2852 at
498 2809 573 2852 vero
595 2790 681 2853 idem
703 2790 765 2853 hac
785 2809 820 2853 re
842 2787 1000 2869 notabile,
1028 2787 1116 2872 quod
1138 2809 1158 2852 a
1180 2789 1248 2852 viro
1272 2786 1423 2870 Sicyonio

204 2889 385 2972 proiectum
400 2896 463 2968 est;
480 2890 598 2954 etenim
614 2891 774 2971 docemur,
794 2891 828 2956 id
844 2891 931 2977 quod
946 2911 1005 2974 per
1020 2912 1053 2954 se
1068 2892 1134 2955 veri
1151 2895 1200 2955 est
1215 2891 1421 2970 simillimum,

205 2993 362 3058 eiusmodi
384 2995 642 3076 comparationes
658 2994 746 3074 locis,
769 2994 826 3058 ubi
845 3015 899 3058 ars
920 3014 1122 3074 summopere
1144 2991 1299 3069 floruerit,
1322 2992 1422 3056 fuisse

204 3098 237 3162 in
260 3102 420 3180 promptu.
463 3096 626 3161 Philonici
648 3097 829 3161 solitarium
849 3096 1006 3160 iudicium
1027 3095 1123 3178 longo
1149 3095 1303 3178 temporis
1323 3097 1421 3159 inter-

204 3199 289 3264 vallo
313 3200 480 3264 interiecto
502 3206 700 3282 exceperunt
721 3199 853 3263 crebrae
876 3199 1133 3280 comparationes
1148 3219 1207 3280 per
1228 3204 1333 3263 totum
1356 3217 1423 3261 sae·

207 3302 314 3366 culum
333 3303 474 3386 primum
496 3308 571 3368 ante
589 3299 756 3366 Christum
780 3309 812 3365 et
833 3323 892 3384 per
913 3301 1000 3366 idem
1022 3302 1177 3382 temporis
1194 3301 1335 3382 spatium
1349 3305 1425 3382 post

205 3402 371 3471 Christum
406 3406 586 3471 institutae.
641 3409 739 3489 atque
775 3405 900 3486 primae
935 3403 1065 3489 quidem
1096 3403 1304 3469 inveniuntur
1336 3403 1424 3485 apud

204 3613 406 3624 ιιι-ι*-

294 3765 315 3829 ¹5
333 3763 394 3816 XII
413 3764 457 3828 10,
483 3764 527 3815 10:
554 3762 664 3829 ,Laelii,
687 3763 828 3828 Africani,
854 3762 975 3816 Catones
994 3761 1081 3815 etiam
1100 3759 1286 3829 Gracchique,
1305 3777 1374 3830 quos
1392 3766 1425 3816 tu

204 3846 271 3902 licet
290 3849 463 3918 Polygnotos
481 3851 526 3903 vel
539 3849 669 3902 Callonas
688 3852 820 3919 appelles‘
840 3889 887 3907 ...
906 3851 950 3902 12:
970 3848 1013 3915 ,m
1026 3847 1150 3900 Tullium
1168 3865 1225 3900 non
1244 3848 1323 3900 illum
1340 3849 1423 3902 habe-

205 3953 267 3989 mus
283 3935 497 4004 Euphranorem
516 3937 589 4010 eirca
607 3937 732 4004 plurium
754 3937 858 3990 artium
882 3936 988 4004 species
1011 3937 1221 4003 praestantem,
1245 3935 1293 3988 sed
1318 3935 1347 3988 in
1366 3952 1424 3989 om·

207 4025 296 4090 nibus,
316 4041 385 4092 quae
402 4025 432 4078 in
451 4040 562 4091 quoque
581 4026 718 4092 (oratore)
736 4024 896 4089 laudantur,
916 4021 1187 4075 eminentissimum!

292 4110 314 4180 ²)
333 4129 358 4164 v.
376 4127 402 4178 g.
421 4109 437 4163 Ι
453 4128 482 4178 p.
501 4112 534 4162 62
553 4109 614 4178 Sp:
634 4109 810 4177 eloquentiae
831 4110 988 4163 studiosum
1007 4111 1122 4175 oportet
1142 4124 1200 4161 non
1214 4107 1306 4160 solum
1318 4107 1424 4160 imitari

204 4200 323 4262 veteres,
341 4197 391 4250 sed
409 4197 503 4265 ipsum
522 4195 628 4249 cotidie
647 4195 778 4260 scribere,
799 4193 893 4269 ὥσπερ
911 4203 967 4252 τοῖς
985 4197 1137 4267 ζωγραφεῖν
1154 4192 1327 4263 βουλομένοις
1347 4190 1426 4248 oddlv

203 4280 296 4355 ὄφελος
309 4289 453 4337 κατανοεῖν
466 4283 501 4336 τά
524 4305 554 4336 τε
565 4278 693 4335 Ἀπελλοῦ
717 4288 761 4333 καὶ
779 4282 970 4356 Πρωτογένους
989 4287 1033 4333 καὶ
1048 4277 1200 4350 Ἀντιφίλου
1222 4278 1297 4353 ἔργα,
1315 4276 1366 4334 ἐὰν
1384 4280 1421 4349 μὴ

204 4377 249 4424 καὶ
266 4367 342 4424 αὐτοὶ
360 4371 474 4444 γράφειν
492 4362 672 4441 ἔπιχειρῶοιν.

293 4456 314 4526 ³)
331 4461 363 4510 ut
384 4456 415 4509 in
433 4454 660 4509 Reifferscheidii
680 4453 805 4505 oratione
830 4453 940 4521 saepius
965 4453 1052 4505 citata
1076 4467 1103 4519 p.
1129 4454 1145 4504 6
1168 4468 1209 4518 sq.
1233 4452 1302 4506 artis
1321 4449 1424 4521 Perga·

202 4560 303 4598 vrneuae
323 4549 352 4599 et
370 4542 550 4612 eloquentiae
566 4541 690 4596 Arianae
709 4538 908 4593 similitudines
927 4539 1068 4594 indicatae
1086 4541 1162 4593 sunt.
