3362 5216
789 275 830 336 39

202 478 382 544 orationem
404 475 589 543 admiratur
604 474 720 542 Cicero
742 495 788 542 or.
812 479 876 541 234
897 476 1006 541 dicens
1022 474 1251 542 Demosthenis
1273 484 1423 544 nontam

202 581 369 646 vibratura
398 599 468 646 esse
500 579 653 659 fulmina,
686 579 747 644 nisi
777 579 917 644 numeris
947 580 1096 643 contorta
1126 578 1303 659 ferrentur3
1335 580 1423 664 quod

201 683 339 766 denique
376 682 611 748 sententiarum
656 680 966 747 conformationibus
1000 685 1032 745 et
1054 674 1251 746 ornamentis
1274 684 1422 750 omnibus

200 791 347 869 praestat
369 785 622 867 Demosthenen,
651 784 772 850 idcireo
802 805 822 848 a
850 783 954 850 doctis
989 789 1156 848 oratorum
1185 785 1335 869 princeps
1373 792 1423 852 est

200 887 362 953 iudicatus
385 886 576 974 (eiceret.
602 890 661 953 141
679 916 720 945 =
735 907 780 952 or.
806 890 883 966 136;
912 884 953 950 of.
968 886 1063 952 Brut.
1081 889 1146 972 35).
1191 909 1296 970 neque
1312 893 1422 954 tamen

202 989 352 1071 deerant,
384 991 439 1074 qui
469 990 574 1074 ipsum
595 990 850 1056 Demosthenem
880 988 1075 1073 quandoque
1106 990 1284 1056 dormitare
1317 996 1349 1055 et
1375 991 1422 1056 di-

205 1098 315 1158 cerent
346 1098 379 1158 et
407 1094 632 1159 demonstrare
661 1092 843 1173 studerent,
874 1091 961 1156 velut
991 1090 1104 1158 Oicero
1134 1092 1236 1178 (Plut.
1270 1093 1337 1159 Oic.
1367 1095 1422 1179 24)

200 1194 463 1276 Demosthenem,
487 1216 684 1280 quamquam
706 1209 806 1262 unum
828 1194 967 1260 eminere
989 1194 1036 1259 ait
1056 1195 1141 1260 inter
1163 1216 1271 1260 omnes
1286 1195 1320 1260 in
1336 1197 1423 1261 omni

200 1318 317 1380 genere
344 1297 487 1378 dicendi,
517 1303 627 1364 tamen
653 1318 717 1362 non
743 1318 871 1382 semper
900 1298 1034 1380 implere
1055 1318 1150 1362 aures
1172 1319 1247 1364 suas
1270 1297 1422 1364 adfirmat

200 1421 246 1465 or.
272 1405 347 1480 1143
378 1399 482 1466 eidem
511 1399 659 1467 concedit
684 1400 816 1484 quidem
839 1400 954 1467 Oicero
977 1421 1023 1465 or.
1047 1405 1087 1464 90
1110 1421 1268 1465 summam
1290 1402 1421 1467 urbani-

198 1508 317 1583 tatem,
346 1503 403 1568 sed
425 1526 490 1569 non
512 1511 581 1571 tam
603 1503 745 1570 dicacem
767 1525 842 1569 eum
862 1502 962 1568 fuisse
983 1503 1062 1567 dicit
1086 1523 1184 1585 quam
1206 1503 1364 1583 facetum3
1387 1504 1421 1568 in

199 1605 335 1670 eandem
365 1607 560 1672 sententiam
590 1607 689 1672 etiam
717 1606 773 1672 alii
805 1606 907 1671 critici
938 1611 1013 1670 ante
1043 1604 1237 1687 Dionysium
1270 1605 1420 1671 florentes

199 1708 365 1790 abierunt,
394 1708 434 1774 of.
464 1708 560 1774 Dion.
589 1709 629 1774 de
657 1708 742 1774 adm.
770 1709 801 1774 vi
829 1709 889 1774 dic.
912 1708 1006 1774 Dem.
1036 1710 1077 1772 54
1103 1729 1135 1789 p.
1168 1711 1263 1771 1122;
1310 1706 1421 1784 πάσας

198 1804 314 1890 ἔχουσα
339 1809 399 1890 τὰς
421 1805 535 1898 ἀραιὰς
557 1808 576 1900 ἡ
598 1808 829 1900 Δημοσθένους
850 1807 935 1891 λέξις
957 1806 1106 1875 λείπεται
1128 1804 1355 1894 εὐτραπελίας,
1384 1803 1421 1898 ἢν

198 1907 229 1976 oi
247 1912 364 1979 πολλοὶ
379 1914 513 1980 καλοῦσι
522 1913 613 2002 χάριν
618 1945 629 1997 ,·
644 1915 782 1981 aliorum
795 1913 938 1978 iudicum
959 1907 989 1977 oi
1006 1909 1064 1994 μὲν
1076 1907 1119 1987 ὥς
1135 1909 1422 2000 χαρακτηριστικὸν

196 2009 227 2079 oi
254 2015 283 2079 δ’
306 2011 351 2093 ὣς
372 2011 543 2105 ἁμάρτημα
570 2020 630 2082 τοῦ
651 2014 780 2104 ῥήτορος
807 2009 1042 2103 ἐσημειώσαντο
1065 2011 1102 2080 τὸ
1128 2014 1262 2090 πολλοῖς
1284 2009 1421 2098 ὀνόμασι

196 2114 234 2183 τὸ
258 2113 337 2183 αάτὸ
362 2121 497 2205 πρᾶγμα
520 2119 634 2206 δηλοῦν
656 2114 757 2183 ἐνίοτε
779 2118 833 2203 (de
856 2118 941 2184 adm.
959 2118 990 2182 vi
1006 2119 1067 2183 dio.
1084 2118 1179 2183 Dein.
1197 2122 1237 2183 58
1260 2141 1291 2201 p.
1311 2121 1419 2205 1127),

196 2242 334 2304 quorum
361 2222 481 2288 alteros
510 2222 614 2306 carpit
636 2222 826 2306 Dionysius,
860 2228 895 2287 ut
923 2221 979 2305 qui
1001 2216 1212 2306 βραχυλογίαν
1234 2218 1270 2286 ἐκ
1293 2221 1419 2298 παντὸς

196 2317 393 2389 ἀπαιτοῦσιν
415 2323 459 2410 (p.
479 2327 593 2409 1128);
615 2325 804 2390 Demetrius
827 2324 966 2407 denique
988 2349 1026 2388 π.
1050 2319 1117 2409 ἑρμ.
1141 2345 1167 2388 o.
1185 2329 1247 2389 250
1271 2326 1419 2409 exemplo

197 2420 396 2502 ἀντιθέσεως
414 2428 525 2494 adlato
540 2427 795 2493 Demosthenem
816 2428 878 2493 hae
900 2428 934 2492 in
955 2449 990 2492 re
1013 2428 1167 2492 decorum
1188 2448 1252 2492 non
1275 2448 1419 2494 servasse

194 2527 310 2609 tradit,
340 2530 397 2594 sed
425 2534 667 2611 κακοτεχνοῦντι
701 2525 840 2594 ἑοικέναι
863 2526 922 2595 διὰ
949 2525 1006 2617 την
1034 2523 1270 2611 ἀνταπόδοσιν,
1298 2529 1420 2612 μᾶλλον

198 2628 233 2695 δὲ
256 2627 416 2714 παίζοντι,
441 2627 499 2697 oda
522 2627 763 2715 dyonantenses,
788 2633 878 2697 cuius
901 2632 941 2696 de
963 2637 1071 2698 aetate
1094 2653 1166 2697 cum
1186 2632 1330 2697 nondum
1346 2654 1419 2698 eon-

198 2739 278 2814 stet,
315 2735 539 2800 testimonium
576 2736 681 2800 minus
721 2755 807 2800 euro.
866 2732 1096 2800 Demosthenis
1134 2735 1349 2800 elocutionem
1384 2737 1419 2801 in

197 2836 382 2902 criticorum
419 2838 574 2903 indicium
607 2837 664 2903 illo
709 2836 750 2902 de
790 2857 855 2919 quo
896 2837 1005 2921 agitur
1044 2843 1189 2920 tempore
1230 2839 1418 2921 saepissime

195 2939 318 3005 venisse
333 2939 484 3016 vidimus3
498 2941 588 3005 cuius
599 2940 745 3004 imitator
757 2938 960 3005 felicissimus
973 2940 1161 3005 Dinarchus
1174 2937 1266 3024 παρὰ
1279 2941 1419 3017 πολλοῖς

194 3034 367 3128 ἠξιωμένος
384 3036 541 3124 ὀνόματος
552 3039 611 3106 ἐπὶ
623 3038 803 3128 δεινότητος
814 3037 916 3125 λόγων
931 3041 1043 3127 (Dion.
1061 3043 1101 3108 de
1116 3043 1193 3107 Din.
1210 3043 1279 3107 init.
1293 3066 1324 3126 p.
1339 3045 1417 3132 630)

195 3165 215 3207 a
236 3143 405 3209 Demetrio
427 3145 581 3227 Magnete
603 3144 770 3210 verbosius
792 3144 988 3228 uberiusque
1001 3145 1192 3210 aestimatus
1215 3151 1247 3210 et
1262 3145 1415 3212 laudatus

194 3251 260 3323 est3
296 3243 352 3312 διὰ
373 3244 411 3312 τὸ
434 3243 565 3322 ἐλλιπὲς
586 3249 644 3334 τῆς
664 3240 849 3329 οἰκονομίας
875 3248 916 3313 ab
939 3248 1010 3312 aliis
1034 3241 1181 3334 ἀμροικος
1204 3244 1416 3336 Δημοσθένης

199 3349 312 3434 (Dion.
334 3348 376 3413 ib.
392 3369 419 3414 c.
436 3353 465 3414 8.
488 3371 519 3432 p.
543 3350 621 3436 647)
644 3348 832 3414 vocabatur.

279 3451 549 3518 Enumerayimus
562 3453 602 3518 de
617 3451 800 3517 oratoribus
816 3473 992 3535 eorumque
1012 3453 1140 3536 scriptis
1159 3452 1293 3533 iudicia;
1310 3454 1415 3538 sequi·

191 3558 254 3634 tur,
276 3558 313 3617 ut
333 3558 479 3619 oratores
494 3556 581 3638 ipsos
602 3556 687 3619 inter
702 3575 736 3620 se
752 3554 897 3621 conlatos
913 3576 982 3620 esse
1004 3555 1186 3636 doceamus,
1207 3556 1295 3639 quod
1317 3577 1415 3639 quem

190 3655 233 3720 ad
250 3655 347 3721 finem
358 3655 481 3722 factum
496 3658 547 3738 sit,
562 3656 738 3740 Dionysius
750 3657 791 3722 de
803 3658 905 3723 Thuc.
917 3657 992 3723 hist.
1010 3663 1050 3722 23
1062 3679 1094 3741 p.
1107 3662 1169 3722 863
1183 3659 1299 3740 aperit:
1324 3653 1411 3746 ἀκρι-

188 3755 338 3844 βέστερον
363 3755 423 3845 μὰρ
445 3757 529 3824 οὕτω
552 3755 708 3844 γνώσεταί
736 3781 786 3836 τις
807 3756 864 3824 τὸν
892 3753 976 3824 ἴδιον
997 3761 1056 3824 τοῦ
1078 3753 1191 3845 ἀνδρὸς
1219 3764 1410 3849 χαρακτῆρα.

190 3866 228 3924 ut
250 3881 270 3925 a
293 3861 451 3946 Dionysio
481 3882 554 3928 cum
575 3863 715 3929 Platone
737 3859 910 3928 Andocide
933 3862 1037 3929 Oritia
1058 3862 1186 3948 Lysiae,
1215 3885 1288 3929 eum
1313 3863 1413 3947 Lysia

188 3963 302 4030 Isaeus
319 3969 351 4030 et
366 3965 585 4049 Thucydides,
606 3987 680 4031 oum
691 3965 786 4031 Isaeo
796 3964 969 4048 Isocrates,
983 3987 1056 4032 cum
1066 3966 1229 4050 prioribus
1248 3967 1410 4032 historicis

188 4065 411 4150 Thucydides,
434 4089 507 4132 cum
529 4067 631 4151 Lysia
651 4067 799 4134 Isocrate
814 4068 952 4135 Platone
975 4068 1165 4151 Thucydide
1189 4089 1332 4133 summus
1353 4069 1407 4135 ille

187 4173 298 4233 orator
328 4168 566 4235 Demosthenes
599 4175 806 4254 comparatus
836 4177 901 4252 est,
931 4171 979 4236 ita
1010 4171 1075 4235 iam
1105 4177 1181 4235 ante
1212 4170 1408 4255 Dionysium

187 4271 375 4337 Demetrius
406 4273 542 4356 Magnes
582 4272 623 4337 de
657 4273 825 4350 Dinaroho
863 4293 1031 4339 censuram
1067 4293 1167 4356 agens
1203 4295 1278 4339 eum
1319 4269 1411 4340 οὐδὲν

187 4368 412 4439 ἀπολείποντα
438 4378 495 4462 τῆς
516 4370 701 4462 Ὑπερείδου
728 4371 870 4463 χάριτος,
901 4375 970 4441 eius
998 4375 1214 4441 elocutionem
1236 4377 1304 4441 solo
1324 4374 1410 4463 τόνῳ

184 4479 242 4542 τοῦ
263 4479 511 4562 Δημοσθενικοῦ
532 4481 729 4566 χαρακτῆρος
754 4473 945 4564 λειπομένην
976 4477 1179 4553 observavit3
1214 4478 1308 4544 simul
1326 4484 1412 4544 tecte
