3362 5216
814 207 854 268 55

218 417 252 477 et
275 417 351 477 ante
374 415 435 476 100
457 410 517 492 vel,
539 416 577 476 ut
598 407 740 475 medium
762 430 896 491 sumam,
921 430 947 474 o.
966 411 1036 474 125.
1067 408 1100 472 in
1122 408 1186 475 dne
1209 408 1437 492 disputationis

217 521 443 600 argumentum
464 534 561 598 ponc,
583 534 647 596 quo
667 517 850 595 temporum
872 511 1045 595 descriptio
1067 531 1087 576 a
1108 512 1201 576 nobis
1217 512 1366 577 instituta
1383 512 1441 576 ali-

218 621 376 700 quantum
390 616 628 700 comprobatur.
658 618 764 680 exstat
780 613 865 680 enim
881 614 991 679 decem
1006 621 1171 679 oratorum
1183 615 1280 697 pinax
1296 614 1438 697 quidem,

217 725 255 784 ut
268 718 315 784 ita
326 719 442 800 dicam,
458 717 736 801 bibliographicus
750 737 771 782 a
783 713 1039 802 Studemundo¹)
1055 716 1234 796 restitutus,
1250 716 1282 780 in
1295 737 1368 799 quo,
1386 717 1441 798 qui

219 821 376 904 plurimas
398 821 561 886 orationes
584 819 721 903 scripsit,
745 820 849 904 primo
872 817 1075 884 referebatur
1097 818 1167 882 loco
1191 824 1223 882 et
1238 817 1300 882 hac
1315 819 1442 883 ratione

220 921 370 1005 deinceps
397 923 514 1007 reliqui
540 921 791 1000 ordinabantur3
820 922 906 985 hunc
933 921 1052 1003 pinaca
1082 942 1121 984 ex
1148 920 1346 986 bibliotheca
1373 943 1443 987 esse

222 1030 385 1108 sumptum
407 1045 480 1090 oum
501 1023 724 1091 Studemundo
740 1022 863 1090 Steffen
884 1023 905 1087 1.
928 1022 949 1086 1.
973 1028 1041 1105 p.8
1064 1023 1233 1102 consentit,
1256 1045 1359 1106 neque
1382 1046 1442 1107 ego

219 1125 341 1208 habeo,
374 1147 431 1192 cur
459 1125 659 1207 dissentiam,
689 1125 777 1190 illam
807 1124 1038 1191 bibliothecam
1068 1125 1148 1190 satis
1179 1126 1321 1208 amplam
1343 1125 1442 1190 fuisse

220 1234 323 1310 ratus,
352 1249 425 1294 oum
440 1228 542 1294 ¹solito
564 1228 703 1294 maiores
733 1228 917 1294 orationum
943 1226 1069 1291 numeri
1096 1227 1231 1310 singulis
1258 1228 1441 1294 oratoribus

222 1332 286 1396 sint
308 1331 441 1415 appicti.
485 1328 543 1396 sed
565 1328 605 1396 de
627 1336 775 1414 tempore
797 1329 876 1395 mihi
899 1351 972 1395 cum
988 1328 1211 1395 Studcmundo
1228 1351 1292 1394 non
1308 1351 1441 1414 prorsus

218 1435 375 1499 convenit.
419 1431 543 1516 largior
567 1431 779 1498 libentissime
809 1436 885 1497 ante
908 1431 1056 1515 Dionysii
1087 1437 1120 1496 et
1142 1430 1277 1497 Caecilii
1299 1438 1441 1499 aetatem

219 1557 288 1600 eum
313 1555 382 1600 esse
407 1534 600 1616 confectum,
624 1554 698 1600 cum
721 1535 904 1599 orationum
925 1534 1052 1598 numeri
1075 1553 1138 1614 eos,
1162 1555 1243 1618 quos
1266 1535 1370 1600 critici
1392 1535 1441 1600 illi

219 1637 403 1722 quaerendo
418 1639 666 1720 constituerunt,
688 1637 879 1721 plerumque
893 1637 989 1718 longe
1005 1640 1167 1718 superent.
1211 1657 1316 1720 neque
1330 1642 1441 1702 tamen

218 1741 258 1806 ab
281 1739 484 1806 Callimacho
514 1739 565 1804 vel
594 1739 662 1804 eins
692 1744 800 1805 aetate
830 1737 921 1820 origo
948 1737 1073 1821 pinacis
1096 1736 1245 1802 ducenda
1267 1744 1333 1818 est3
1366 1761 1441 1804 nam

218 1835 332 1907 novem
355 1842 501 1926 epistulis
523 1839 680 1908 Aeschini
703 1841 855 1924 ascriptis
879 1838 919 1906 de
940 1839 1092 1905 inferiore
1121 1845 1230 1905 aetate
1260 1840 1439 1908 edocemur.

220 1965 315 2027 quam
338 1945 365 2008 si
387 1950 475 2010 recte
497 1943 605 2024 Blass,
627 1943 691 2008 AB
714 1941 814 2008 1112
838 1963 869 2026 p.
895 1945 954 2007 161
978 1942 1235 2026 investigaverit:
1281 1943 1344 2024 ,die
1366 1944 1441 2009 Zeit

217 2046 289 2132 (der
321 2046 532 2129 Entstehung
564 2044 623 2111 der
656 2043 780 2131 Briefe)
816 2043 904 2109 kann
938 2049 1004 2108 erst
1039 2044 1090 2109 die
1124 2043 1180 2108 des
1214 2046 1441 2111 entwickelten

217 2147 411 2214 Atticismus
433 2149 518 2228 sein,
550 2146 593 2213 da
615 2145 667 2212 die
688 2149 789 2214 Form
812 2145 904 2212 nicht
925 2146 1021 2211 nebel
1042 2145 1272 2230 nachgebildet
1290 2148 1354 2228 ist,‘
1376 2148 1441 2214 iam

218 2250 339 2318 habeas
370 2251 560 2331 terminum,
599 2254 675 2314 ante
708 2270 803 2332 quem
833 2248 925 2312 illum
952 2248 1100 2332 pinacem
1127 2250 1341 2332 compositum
1372 2271 1441 2316 esse

216 2374 324 2437 neges.
368 2358 505 2437 apparet
530 2373 641 2417 verum
664 2357 752 2418 certe
774 2372 832 2417 nos
855 2351 1018 2434 attigisse,
1051 2372 1124 2415 oum
1147 2372 1173 2416 c.
1198 2339 1260 2416 Ι125
1284 2372 1440 2418 canonem

218 2455 398 2520 confectum
421 2477 490 2520 esse
512 2455 724 2539 posuerimus,
748 2474 812 2537 quo
835 2452 964 2518 demum
988 2454 1165 2518 constituto
1187 2455 1334 2538 pinacem
1348 2453 1440 2519 illum

217 2559 249 2622 in
270 2558 376 2622 lucem
398 2556 557 2642 prodiisse
578 2555 690 2644 τυφλῷ
704 2561 741 2620 ut
757 2556 849 2621 aiunt
864 2555 967 2643 δῆλον.
1011 2561 1185 2638 postremo,
1209 2556 1439 2640 nequicquam

216 2661 326 2726 videar
355 2660 574 2744 praeteriisse,
603 2657 691 2742 quod
722 2655 765 2723 ad
794 2663 923 2742 tempus
949 2657 1168 2722 definiendum
1199 2657 1439 2741 aliquantulum

216 2764 337 2840 valeat,
369 2761 527 2845 Hesycbii
557 2762 591 2826 in
622 2759 784 2826 veteribus
816 2761 1000 2826 oratoribus
1027 2761 1232 2826 recensendis
1264 2766 1439 2844 auctorem,

221 2865 284 2930 sive
311 2863 526 2947 Asclepiades
554 2863 742 2947 Myrleanus
773 2862 830 2946 (A.
854 2862 968 2947 Daub)
998 2863 1064 2928 sire
1095 2862 1281 2928 Demetrius
1303 2863 1439 2946 Magnes

221 2966 276 3048 (D.
300 2965 502 3052 Volkmann)
533 2965 599 3029 siue
628 2963 711 3028 alius
743 2963 816 3047 quis
845 2962 989 3028 eiusdem
1017 2965 1135 3028 aetatis
1165 2965 1303 3048 scriptor
1331 2964 1438 3046 fuerit,

221 3067 389 3132 denarium
423 3073 589 3133 oratorum
623 3066 809 3131 Atticorum
846 3087 1015 3131 numerum
1048 3067 1131 3133 bene
1167 3067 1294 3133 novisse
1331 3067 1439 3151 explo-

220 3175 328 3236 ratum
350 3175 410 3234 est.

303 3271 369 3339 Sed
384 3271 465 3337 haec
479 3271 649 3336 hactenus.
691 3269 817 3336 idoneis
831 3276 912 3353 puto
927 3291 978 3336 me
994 3271 1195 3355 argumentis
1211 3270 1439 3353 comprobasse

218 3395 373 3440 canonem
398 3374 431 3439 in
455 3373 539 3439 Asia
560 3371 751 3438 imitationis
773 3373 883 3456 gratia
906 3394 932 3438 c.
956 3379 1015 3440 125
1038 3396 1059 3440 a
1081 3373 1211 3438 rhetore
1235 3371 1376 3455 quodam
1399 3393 1439 3437 ex

217 3499 335 3561 magno
357 3483 522 3544 oratorum
545 3495 679 3540 numero
702 3474 857 3540 selectum
880 3495 959 3542 esse.

304 3764 325 3833 ¹)
345 3764 390 3817 ein
413 3763 612 3819 Verzeichnies
636 3763 686 3817 der
708 3761 736 3817 X
754 3766 805 3817 att.
825 3763 953 3831 Rodum,
976 3765 1006 3818 in
1024 3760 1122 3820 Herm.
1141 3767 1196 3820 vol.
1215 3767 1247 3822 II
1268 3785 1295 3835 p.
1314 3768 1366 3819 448
1384 3783 1437 3834 sq.;

217 3849 284 3902 ordo
306 3848 352 3902 bic
376 3853 433 3903 est:
470 3849 536 3903 Din.
560 3849 623 3918 (110
644 3849 690 3902 vel
717 3851 769 3903 400
794 3852 902 3918 crath),
927 3851 997 3904 Isse.
1021 3852 1108 3920 (200),
1131 3852 1196 3920 Lys.
1219 3851 1282 3921 (190
1304 3851 1348 3904 vel
1365 3853 1436 3918 200),

218 3933 323 4002 Hyper.
346 3935 433 4003 (170),
457 3934 604 3988 Demostb.
628 3934 697 4003 (71),
720 3934 806 3990 Isocr.
830 3939 901 4004 (70),
923 3935 989 4004 Lyc.
1015 3937 1062 4006 (58
1083 3938 1129 3991 vel
1152 3939 1210 4004 50),
1233 3936 1352 4006 Antiph.
1370 3936 1436 4004 (50),

218 4017 328 4072 Andoc.
347 4019 414 4088 (44),
433 4020 534 4074 Aesch.
554 4021 581 4089 (3
600 4022 630 4074 et
647 4021 664 4072 9
682 4020 784 4090 epist).
