3362 5216
772 277 810 340 15

685 367 888 376 ψ..-

174 485 350 562 rhetorum,
375 482 487 566 quiin
510 481 592 550 Asia
614 486 665 550 vel
680 484 790 550 Rhodi
813 480 862 546 vel
885 481 1010 546 Romae
1038 477 1208 562 florebant,
1231 480 1394 547 insistunt.

175 589 239 652 iam
276 595 312 651 ut
347 608 506 653 summam
543 589 750 671 complectar,
787 591 957 670 poetarum
994 585 1125 666 quidem
1162 586 1266 650 critici
1304 594 1397 650 erant

176 689 410 769 Alexandrini,
439 711 505 754 non
530 696 623 754 erant
650 695 830 766 oratorum;
859 694 1029 770 poetarum
1059 709 1191 752 censum
1218 695 1253 753 nt
1281 694 1396 771 poetae

175 798 411 875 poetarumque
432 791 627 875 interpretes
650 798 682 856 11
704 792 883 854 imitatores
907 795 939 852 et
963 789 1126 854 debebant
1149 811 1245 872 agere
1269 797 1302 854 et
1324 811 1397 873 age-

176 894 271 974 bant,
300 899 467 958 oratorum
498 915 572 958 vero
596 895 783 958 Atticorum
812 913 980 971 canonem,
1010 914 1083 957 cum
1111 899 1143 957 et
1167 892 1294 957 dicendi
1316 895 1397 957 artis

176 997 282 1060 miuus
314 996 452 1061 studiosi
483 1003 591 1060 esseut
621 1016 680 1059 nec
711 995 858 1058 Atticam
889 995 1106 1077 eloquentiam
1135 996 1314 1059 imitatione
1346 1017 1396 1058 ex-

177 1099 363 1181 primerent,
387 1120 446 1163 nec
468 1099 659 1181 cogitabant
680 1099 876 1161 constituere
899 1117 959 1162 1110
980 1098 1231 1163 constituebant.

260 1202 302 1266 In
323 1201 385 1266 fine
408 1201 503 1265 huius
525 1200 564 1266 de
587 1199 818 1268 Alexandrinis
840 1199 1067 1282 disputationis
1090 1200 1129 1263 F.
1149 1199 1191 1266 Gr.
1206 1200 1397 1284 Kiesslingii

177 1305 359 1388 opinionem
390 1303 480 1368 brevi
508 1303 665 1368 subiciam
693 1303 842 1367 examini.
888 1300 975 1385 quod
1003 1301 1149 1368 rhetores
1178 1305 1211 1366 iu
1243 1305 1396 1386 exemplis

177 1405 317 1471 citandis
339 1407 420 1471 nulli
443 1413 609 1471 oratorum
631 1405 769 1469 delectui
791 1405 917 1469 astricti
938 1406 1159 1487 reperiantur,
1184 1406 1241 1469 sed
1263 1406 1397 1470 liberius

176 1516 347 1573 vorsentur
376 1516 475 1593 atque
506 1530 545 1572 ex
580 1508 743 1573 Stratoele
777 1529 904 1590 qnoque
933 1506 1061 1589 Pythea
1096 1508 1274 1591 Polyeucto
1311 1509 1398 1572 Moe·

178 1612 263 1674 rocle
293 1611 365 1674 aliis
388 1612 535 1694 exempla
557 1616 724 1694 repetant,
752 1609 786 1673 id
814 1609 901 1693 quod
925 1631 1014 1674 secus
1036 1609 1159 1674 factum
1182 1612 1224 1675 sit
1246 1611 1287 1675 ab
1310 1611 1397 1675 Har·

177 1715 365 1796 pocratione
386 1713 489 1778 Suida
509 1713 644 1777 Polluce
666 1711 796 1792 Photio,
817 1713 872 1794 qui
894 1712 981 1776 ultra
1004 1712 1134 1777 decadis
1157 1715 1310 1778 terminos
1333 1735 1397 1778 non

170 1816 443 1899 progrediantur,
472 1837 510 1879 ea
537 1815 576 1879 de
601 1836 698 1879 causa
721 1814 889 1897 Kiessling
911 1813 1030 1878 diserte
1054 1816 1221 1878 contendit
1244 1816 1397 1880 decadem

178 1919 268 1982 illam
292 1917 515 1983 Alexandriae
543 1918 728 1982 institutam
756 1937 861 1998 neque
885 1916 926 1981 ab
949 1917 1115 1981 rhetorum
1138 1918 1271 1997 scholis,
1299 1918 1399 1981 seda

177 2022 397 2104 grammaticis
418 2042 487 2084 esse
502 2019 696 2103 profectam;
721 2020 893 2084 Atticistas
909 2019 964 2101 qui
981 2018 1132 2084 dicuntur
1148 2020 1258 2084 decem
1272 2021 1399 2103 potissi-

177 2146 265 2187 mum
293 2129 438 2188 oratores
469 2123 509 2187 ab
540 2123 773 2187 Alexandrinis
803 2128 972 2186 enarratas
999 2123 1159 2187 invenisse
1189 2144 1306 2204 eosque
1333 2144 1397 2186 uno

177 2225 304 2289 vinculo
328 2225 618 2309 comprehendisse.
664 2246 746 2307 quae
769 2225 955 2288 coniectura
978 2246 1077 2307 quam
1102 2226 1200 2291 debili
1223 2226 1399 2289 constituta

177 2328 220 2390 sit
251 2327 477 2407 fundamento,
508 2329 731 2410 unusquisque
760 2326 857 2391 videt.
910 2348 1014 2408 neque
1045 2328 1130 2392 enim
1161 2334 1248 2392 01110
1279 2327 1398 2391 iudicio

177 2427 361 2493 confirmari
383 2435 491 2511 potest
513 2428 555 2493 ad
570 2428 810 2494 Alexandrinos
832 2429 938 2494 redire
961 2430 1065 2494 lexioa
1087 2430 1144 2494 illa
1165 2431 1329 2495 rhetorica
1351 2431 1398 2492 in-

177 2529 350 2594 ferioribus
373 2532 512 2596 saeculis
535 2534 727 2614 composita,
752 2554 857 2615 neque
880 2532 1113 2597 Alexandrinis
1137 2534 1197 2598 soli
1219 2533 1330 2598 decem
1352 2534 1399 2597 illi
1474 2570 1477 2575 -

178 2638 334 2714 oratores
358 2633 415 2698 sed
437 2633 575 2698 fortasse
597 2634 669 2716 plus
685 2641 813 2698 centum
829 2634 897 2698 noti
912 2641 1015 2715 erant,
1040 2657 1120 2718 quos
1136 2638 1239 2718 magis
1254 2638 1398 2700 minusve

176 2735 209 2798 in
238 2736 427 2816 eruditionis
458 2759 551 2801 usum
579 2737 856 2821 convertebant;¹)
883 2743 1047 2819 postremo
1066 2739 1163 2802 fidem
1193 2740 1332 2820 excedit,
1362 2740 1398 2817 si,

178 2838 234 2920 qui
263 2840 482 2920 grammaticis
511 2840 570 2903 visi
599 2845 706 2903 essent
729 2827 851 2904 ⁸notatu
879 2839 1073 2922 dignissimi,
1101 2842 1139 2903 iis
1168 2864 1232 2906 non
1256 2843 1398 2925 potuisse

177 2962 241 3005 non
264 2942 407 3023 palmam
429 2942 556 3008 deferre
578 2944 725 3008 rhetores
748 2943 963 3009 contenditur.

178 3231 244 3286 fasc.
262 3231 319 3300 III]
338 3250 365 3300 p.
383 3234 416 3284 37
435 3250 462 3284 n.
480 3234 527 3297 36,
546 3232 594 3300 qui
612 3233 718 3286 reiecta
737 3231 913 3286 Scheurleeri
936 3232 1101 3300 opinatione
1123 3233 1199 3286 hunc
1222 3231 1400 3287 Demetrium

180 3333 244 3370 curn
266 3317 399 3371 Favorini
424 3322 453 3370 et
471 3318 561 3371 sodali
584 3323 613 3372 et
632 3319 775 3372 imitatore
799 3319 918 3371 eundem
935 3318 1022 3371 fuisse
1041 3319 1165 3387 conicit),
1190 3319 1399 3374 Philostratum

180 3403 266 3471 (Plut.
285 3407 354 3457 Ant.
373 3405 406 3457 80
413 3423 419 3469 ς
439 3403 590 3460 Westerm.
608 3405 627 3457 1.
646 3405 663 3457 l.
686 3407 743 3458 186.
764 3405 832 3472 188).

269 3491 290 3558 ¹)
309 3490 370 3558 ipse
391 3490 540 3560 Kiessling
565 3491 683 3560 quadam
708 3491 818 3544 ratione
842 3490 896 3543 sibi
918 3489 1093 3554 adversatur,
1120 3507 1183 3543 cum
1200 3490 1399 3558 grammaticos

179 3574 210 3627 in
227 3575 408 3628 nominandis
426 3577 508 3629 claris
527 3576 686 3630 oratoribus
699 3576 851 3630 fluctuasse
870 3577 952 3644 dicit;
972 3593 1036 3628 nam
1055 3575 1120 3627 inde
1134 3576 1255 3628 dilucide
1273 3575 1400 3642 sequitur

180 3659 272 3729 ipsum
295 3659 500 3731 Kiesslingium
527 3663 591 3730 plus
617 3663 714 3716 decem
745 3667 871 3715 oratores
902 3662 1161 3715 Alexandrinorum
1185 3661 1275 3714 doctis
1298 3661 1399 3714 studiis

181 3762 242 3799 esse
260 3746 477 3815 comprehensos
496 3748 680 3801 existimasse.
