3362 5216
788 271 808 330 9

187 471 342 536 decadem
367 476 532 535 oratorum
560 472 683 536 maiore
710 473 872 536 minoreve
900 469 964 534 fide
993 471 1036 534 ad
1065 467 1300 534 Callimachum
1328 465 1408 530 res-

185 573 352 656 runtur31)
375 578 545 655 praeterea
560 594 632 636 cum
652 574 724 656 plus
740 575 908 655 sexaginta
922 577 1053 654 praeter
1068 569 1221 635 decadem
1244 575 1409 634 oratorum

186 675 375 740 Atticorum
418 675 603 758 fragmenta
640 675 731 741 nobis
772 676 936 758 supersint
982 673 1038 757 (cf.
1078 672 1155 738 edit.
1193 670 1301 757 Tur),
1341 671 1409 736 veri

186 782 235 842 est
274 776 471 841 simillimum
510 776 645 842 totidem
684 777 734 840 vel
770 779 868 842 etiam
901 776 1041 858 plurium
1082 781 1247 838 oratorum
1287 775 1409 858 scripta

186 879 484 944 Alexandrinorum
507 885 615 944 aetate
640 880 810 960 exstitisse,
836 877 1149 958 Callimachumque,
1173 882 1210 942 ut
1233 875 1288 959 qui
1311 876 1410 940 fuerit

186 981 458 1065 pinacographus,
481 982 543 1045 nisi
566 1003 650 1064 quae
673 977 805 1065 prorsus
829 981 967 1046 lectione
990 980 1125 1062 indigna
1147 978 1208 1043 sibi
1224 978 1410 1043 viderentur

186 1105 271 1162 esse,
300 1084 407 1148 omnia
435 1084 469 1147 in
495 1083 627 1148 tabulas
649 1085 822 1150 rettulisse.
832 1085 859 1169 ⁴³)
904 1084 982 1148 alibi
1011 1103 1087 1146 vero
1109 1080 1346 1146 Callimachum
1368 1081 1408 1146 de

188 1185 374 1252 oratoribus
401 1207 568 1252 censuram
598 1186 699 1269 egisse
720 1187 808 1272 ¹nihil
834 1186 965 1270 probat,
993 1186 1090 1250 immo
1118 1185 1322 1248 consentiunt
1349 1183 1410 1248 viri

189 1288 276 1352 docti
320 1287 360 1352 de
406 1289 590 1353 oratoribus
628 1287 866 1354 Callimachum
910 1282 977 1353 οὐδ’
1023 1282 1132 1352 ἱκανὸν
1172 1279 1250 1350 ὄντα
1293 1281 1410 1371 κρίνειν

188 1389 323 1475 (Caecil.
355 1411 405 1472 ap.
433 1389 531 1455 Phot.
560 1390 629 1456 cod.
662 1396 724 1456 265
751 1414 782 1475 p.
812 1392 918 1477 4011))
948 1390 1089 1455 breviter
1111 1395 1144 1454 et
1164 1388 1268 1452 multa
1288 1394 1409 1452 temere

187 1493 302 1574 egisse3
317 1491 344 1577 ³)
374 1492 525 1556 videlicet
551 1513 615 1557 non
643 1493 705 1558 fuit
732 1495 799 1558 eius
829 1497 895 1558 τῶν
922 1486 1024 1576 λόγων
1045 1489 1162 1577 κρίσις,
1190 1489 1319 1574 qualem
1340 1489 1410 1554 vult

186 1594 241 1660 Ps.
262 1594 366 1678 Long.
390 1619 428 1660 π.
446 1593 506 1674 ὕψ.
523 1600 542 1658 6
564 1618 595 1678 p.
616 1600 653 1659 16
670 1596 694 1660 J
697 1645 715 1676 .,
740 1597 862 1682 πολλῆς
881 1591 996 1680 πείρας
1011 1595 1191 1659 τελευταῖον
1214 1589 1410 1678 ἐπιγέννημα

188 1696 243 1778 (os.
270 1696 368 1762 Dion.
397 1697 441 1760 H.
471 1698 510 1762 de
545 1697 629 1762 adm.
659 1698 690 1765 vi
722 1697 782 1762 dic.
810 1697 904 1762 Dem.
936 1702 976 1762 50
1004 1720 1034 1781 p.
1066 1698 1178 1783 1108),
1211 1696 1267 1760 sed
1302 1689 1346 1772 aig
1376 1691 1410 1758 ἐν

188 1795 324 1884 παρόδῳ
349 1797 568 1866 Callimachus
584 1800 767 1864 oratoribus
782 1820 914 1884 operam
938 1799 1042 1877 dedit;
1067 1820 1176 1863 eorum
1191 1799 1292 1880 igitur
1314 1818 1409 1862 cano·

187 1923 262 1965 nem
285 1922 492 1984 nequaquam
515 1903 692 1969 const'tuit.
759 1935 764 1942 ·

273 2003 430 2086 Sequitur
457 2003 650 2070 Callimachi
681 2003 859 2086 discipulus
881 2002 1082 2086 Hermippus
1111 2001 1324 2084 biographus,
1353 2001 1409 2084 qui

186 2112 223 2169 ut
261 2127 301 2170 ex
341 2105 531 2188 fragmentis
569 2107 717 2170 concludi
750 2107 840 2185 licet,
884 2105 970 2168 inter
1008 2109 1153 2170 oratores
1189 2103 1230 2168 de
1265 2103 1409 2168 Isocrate

187 2209 392 2290 potissimum
422 2207 554 2291 eiusque
581 2209 691 2273 multis
724 2208 891 2290 discipulis
913 2207 981 2290 egit
1005 2205 1105 2288 idque
1134 2207 1262 2288 saepius
1283 2206 1344 2286 ita,
1372 2211 1409 2270 ut

188 2309 325 2374 exilibus
349 2304 551 2395 ἀναγραφαῖς
573 2316 738 2374 oratorum
762 2311 828 2374 eius
852 2309 1073 2373 commentarii
1096 2308 1268 2372 videantur
1289 2308 1409 2373 similes

174 2412 284 2489 ,fuisse
308 2411 420 2495 (Dion.
445 2411 485 2475 de
507 2412 602 2476 Isaeo
622 2417 637 2475 1
654 2435 684 2495 p.
703 2417 780 2491 5883
804 2410 1051 2494 HermIpp.-frg.
1069 2414 1118 2474 58.
1138 2415 1178 2474 70
1194 2409 1330 2496 Muell.).
1375 2411 1408 2474 in

188 2520 335 2579 oratores
380 2514 599 2579 aestimandos
637 2519 789 2597 certoque
826 2515 860 2578 in
898 2533 1031 2578 numero
1070 2533 1110 2577 ex
1145 2513 1324 2578 elocutione
1361 2535 1409 2606 re·

184 2616 352 2700 ponendos
380 2623 509 2682 tantum
542 2617 640 2696 afuit,
677 2624 714 2681 ut
748 2638 882 2700 operam
916 2615 1123 2698 studiumque
1159 2614 1319 2679 conferret
1327 2663 1334 2694 ,
1372 2620 1409 2678 ut

187 2720 441 2802 biographorum
456 2741 545 2784 more
560 2719 722 2801 modoque
738 2719 816 2784 satis
835 2718 971 2783 haberet
982 2717 1244 2782 narratiunculas
1259 2716 1409 2782 fabellas-

187 2844 249 2905 que
272 2822 408 2905 lepidas,
432 2822 535 2888 facete
558 2823 645 2887 dicta
667 2841 886 2905 responsaque
907 2820 1090 2885 tradidisse.

273 2925 396 3001 Primi,
426 2927 481 3008 qui
512 2926 641 3008 quidem
665 2945 804 2988 canones
833 2923 1039 2987 constituisse
1061 2921 1310 3005 perhibeantur,
1333 2928 1409 2986 sunt

188 3026 429 3110 Aristophanes
468 3028 600 3108 eiusque
634 3025 811 3108 discipulus
845 3025 1075 3104 Aristarchus,
1118 3023 1188 3105 qui,
1231 3029 1268 3088 ut
1304 3025 1407 3105 poetis

277 3315 298 3382 1)
319 3333 341 3367 e.
360 3333 386 3384 g.
409 3314 615 3384 Aristogitonis
638 3315 797 3367 orationum
819 3313 914 3366 tabula
937 3313 973 3367 ad
997 3313 1198 3367 Callimachum
1220 3316 1369 3366 revocatur
1392 3329 1408 3364 a

86 3457 94 3480 Ι
188 3397 317 3464 Daubio,
337 3399 371 3452 de
390 3399 467 3452 Snid.
486 3401 574 3468 biogr.
594 3399 662 3462 lide,
687 3400 715 3451 in
735 3399 918 3452 Fleckeisenii
937 3400 1027 3452 annal.
1046 3400 1136 3466 suppl.
1155 3397 1198 3451 XI
1221 3401 1286 3452 1880
1303 3417 1329 3466 p.
1347 3400 1407 3451 467,

278 3483 300 3553 ²)
320 3502 354 3537 ne
373 3486 435 3552 quis
454 3485 539 3538 titulo
559 3486 652 3552 operis
671 3483 859 3549 Callimachei,
884 3501 939 3550 quo
958 3484 1032 3536 solos
1056 3482 1261 3553 ὃιαλάμαανταε
1279 3499 1407 3536 recenses

192 3587 252 3622 esse
271 3569 421 3634 indicetur,
440 3575 566 3624 nostram
580 3571 742 3638 opinionem
755 3569 881 3639 perverti
892 3571 983 3636 putet,
1001 3571 1131 3623 attendat
1143 3570 1178 3622 ad
1190 3570 1288 3623 titulos
1302 3569 1408 3622 similes

193 3656 425 3723 subsequentium
457 3657 640 3724 scriptorum,
669 3660 701 3708 nt
727 3654 877 3722 Hermippi
908 3654 1102 3720 Callimachei,
1132 3655 1268 3722 Hesychii
1298 3655 1408 3719 Milesii,

81 3773 86 3778 -
191 3742 416 3810 scriptorumque
436 3741 574 3794 ambitum
593 3741 768 3808 consideret3
787 3740 863 3808 quod
883 3741 906 3793 si
924 3740 1033 3804 fecerit,
1052 3758 1109 3793 non
1127 3741 1245 3809 amplius
1259 3741 1408 3802 dubitabit,

190 3827 256 3894 quin
291 3825 507 3898 διαλαμψάντων
532 3826 669 3880 uocabulo
701 3827 791 3879 multo
822 3827 918 3894 plures
948 3841 1032 3892 quarn
1065 3826 1160 3880 decem
1189 3827 1252 3880 illos
1281 3826 1407 3895 intellegi

187 3916 324 3980 oporteat.
1152 3951 1155 3955 -

278 3999 299 4067 ³)
323 3998 358 4051 cf.
381 3997 411 4051 in
435 3997 535 4065 primis
560 3996 644 4050 Dion.
668 3996 705 4050 Η.
731 3996 766 4050 de
786 3995 857 4053 'Diu
885 3998 897 4049 l
922 4015 949 4065 p.
968 3999 1031 4063 630;
1058 3997 1158 4050 Caecil.
1180 4013 1225 4065 ap.
1248 3995 1329 4049 Phot.
1348 3997 1365 4048 l.
1389 3997 1406 4053 l,

191 4086 338 4151 praeterea
350 4081 433 4135 Dion.
453 4082 487 4134 de
500 4082 580 4135 Isaeo
600 4086 616 4136 6
633 4101 660 4151 p.
679 4085 742 4149 694;
761 4084 796 4136 de
808 4083 873 4136 Din.
895 4085 927 4136 10
945 4101 972 4150 p.
992 4085 1054 4148 651;
1073 4083 1108 4135 de
1127 4082 1201 4136 adm.
1219 4082 1247 4134 vi
1259 4081 1312 4134 dic.
1326 4080 1406 4134 Dem.

194 4170 224 4221 13
243 4186 270 4236 p.
289 4169 340 4221 993
360 4185 415 4234 sq.;
433 4167 572 4235 Harpocr.
593 4187 613 4223 s.
632 4187 657 4222 v.
669 4173 866 4237 ἐνεπίσκημμα;
891 4168 994 4221 deinde
1012 4169 1097 4232 locos,
1117 4167 1217 4235 quibus
1240 4167 1269 4219 in
1292 4167 1404 4220 univer·

188 4271 248 4306 sum
274 4253 478 4322 pinacographi
506 4253 631 4307 citantur
653 4255 735 4306 Dion.
755 4253 790 4306 de
807 4253 888 4307 Isaeo
909 4257 926 4306 2
948 4271 975 4321 p.
998 4255 1049 4305 588
1069 4271 1121 4320 sq.;
1146 4254 1181 4306 de
1203 4251 1268 4305 Din.
1289 4254 1404 4306 10-13

187 4358 214 4408 p.
233 4341 285 4393 650
308 4357 368 4406 sqq.
394 4341 425 4390 12
448 4356 476 4406 p.
495 4340 553 4390 663.
598 4341 629 4391 13
652 4356 678 4407 p.
697 4340 760 4405 6655
784 4339 819 4392 ad
837 4342 931 4393 Arum.
954 4338 1004 4393 14
1027 4356 1053 4406 p.
1072 4339 1130 4392 724.
1154 4341 1204 4392 726
1228 4338 1330 4406 (Blass‚
1353 4339 1405 4391 AB

187 4424 235 4478 III
262 4427 275 4476 1
304 4442 332 4492 p.
356 4425 432 4492 240);
458 4426 490 4476 10
515 4441 543 4491 p.
560 4424 611 4475 736
635 4441 711 4491 sqq,
735 4425 770 4476 de
792 4424 864 4477 adm.
888 4425 916 4477 vi
939 4425 992 4477 dic.
1017 4423 1098 4476 Dem.
1121 4425 1156 4476 44
1177 4442 1204 4492 p.
1224 4425 1292 4476 1094
1310 4441 1349 4491 sq.
1372 4425 1405 4476 67

187 4527 214 4577 p.
234 4510 316 4576 1126;
339 4508 394 4564 Ed.
411 4509 513 4572 Meter,
535 4509 637 4577 Opusc.
656 4507 737 4576 189;
762 4509 853 4575 Blass,
872 4508 922 4564 ΘΒ
941 4511 1106 4579 203-2063
1130 4507 1237 4564 Steffen
1261 4510 1280 4562 l.
1298 4509 1316 4560 l.
1335 4527 1362 4579 p.
1380 4511 1404 4561 5.
