3362 5216
705 285 908 384 „n

244 485 343 551 Dion.
367 483 408 550 dc
431 483 525 550 Isaeo
540 484 607 568 41).
625 488 701 552 591:
724 480 789 552 εῖσί
811 483 851 574 δή
876 507 961 562 τινες
972 480 1104 570 ἀρχαῖαι
1125 482 1248 572 γραφαί
1269 481 1417 572 χρώμασι

443 583 502 669 μέν
522 581 726 673 εἰργασμέναι
748 584 864 664 διπλοῖς
880 587 938 654 καί
956 583 1107 671 οὐδεμίαν
1124 585 1158 653 έν
1176 591 1244 663 τοῖς
1261 583 1417 672 μίγμασιν

443 682 573 768 ἔχουσαι
605 687 783 772 ποικιλίαν,
819 687 962 778 ἀκριβεῖς
995 689 1031 755 δέ
1062 693 1135 766 ταῖς
1166 693 1327 777 γραμμαῖς
1359 687 1415 754 καὶ

444 789 530 856 πολὺ
569 789 607 858 τδ
647 790 753 880 χαρίεν
782 793 816 859 έν
854 792 990 870 ταύταις
1022 788 1165 873 έχουσαι·
1211 787 1244 857 αῖ
1279 790 1314 857 δέ
1346 792 1415 876 μετ’

444 890 567 972 ἐντείνας
588 888 764 982 εῦγραμμοι
785 894 843 980 μέν
865 885 969 985 ἧττον,
993 891 1231 981 ἐξειργασμέναι
1246 892 1417 978 δὲμᾶλλον

442 1000 521 1086 σκιηῖ
548 997 665 1063 τεκαὶ
693 997 780 1086 φωτί
807 997 1054 1081 ποικιλλόμεναι
1081 995 1138 1062 καί
1164 995 1197 1062 ε’ν
1224 1000 1272 1084 τῷ
1294 991 1417 1085 πλήθει

442 1103 508 1165 τῶν
533 1098 703 1185 μιγμάτων
730 1101 788 1190 τὴν
814 1097 905 1184 ἰσχὺν
931 1097 1068 1182 ἔχουσαι.
1112 1102 1186 1174 ταῖς
1212 1097 1271 1181 μέν
1292 1093 1416 1186 οἰρχαιο-Ι

444 1200 551 1289 τέραις
572 1198 675 1268 ἔοικεν
696 1199 714 1269 δ
737 1201 882 1287 Λυσίας,
907 1201 992 1270 κατὰ
1013 1202 1071 1291 τὴν
1092 1198 1262 1290 ἁπλότητα
1283 1200 1340 1266 καί
1360 1199 1418 1289 τὴν

449 1304 541 1392 χάριν
562 1305 690 1392 (Quint.
711 1307 769 1374 IX
790 1311 821 1389 4,
845 1309 914 1394 17),
944 1310 1016 1382 ταῖς
1037 1305 1065 1370 δ’
1082 1303 1362 1392 ἐκπεπονημέναις
1382 1327 1418 1370 τε

446 1407 502 1475 καί
524 1407 765 1496 τεχνικωτέραις
786 1407 804 1476 ό
824 1405 951 1486 Ἰσαῖος.
996 1410 1036 1475 ci.
1059 1410 1100 1475 δε
1121 1409 1223 1474 Isocr.
1248 1413 1276 1474 3.

240 1509 354 1576 Dion
375 1511 416 1578 dc
451 1511 529 1578 Din.
565 1517 582 1576 7
618 1535 650 1596 p.
686 1517 764 1578 644:
818 1515 1001 1580 imitatione
1039 1514 1137 1578 ctiam
1171 1512 1416 1577 accuratissima

444 1614 609 1699 exemplar
630 1617 835 1699 propositum
857 1637 921 1681 non
944 1616 1262 1699 exprimitur;,mioc
1276 1611 1335 1697 μέν
1349 1618 1418 1690 τοῖς

442 1710 635 1804 ἀρχετύποις
663 1713 826 1807 αὐτοφυής
856 1741 906 1794 τις
933 1715 1116 1805 ἐπιπρέπει
1142 1712 1233 1805 χάρις
1253 1715 1310 1782 καί
1333 1716 1415 1804 δίρα·

442 1823 511 1896 τοῖς
533 1820 561 1885 δ’
584 1813 655 1889 ἀπὸ
678 1818 801 1886 τούτων
823 1818 1136 1904 κατεσκευασμένοις,
1159 1815 1220 1885 κάν
1241 1817 1296 1885 ἐπ’
1320 1815 1418 1906 άκρον

374 2003 375 2006 ¹
448 1920 610 2011 μιμήσεως
631 1919 764 2005 ἔλθωσι,
788 1921 963 2011 πρόσεστιν
982 1922 1070 2008 ὅμως
1083 1921 1121 1990 τὸ
1138 1921 1420 2011 ἐπιτετηδευμένον

448 2023 505 2092 καί
527 2020 586 2091 οῦκ
601 2023 637 2090 ἐκ
652 2024 780 2114 φύσεως
793 2022 948 2114 ῦπάρχον.
991 2025 1048 2093 καί
1062 2025 1166 2113 τοῦτφ
1180 2030 1228 2113 τηῖ
1242 2023 1419 2113 παραγγέλ-

443 2152 523 2212 ματι
555 2123 591 2194 οῦ
631 2126 758 2218 ῥίμορες
788 2127 886 2213 μόνον
918 2133 1049 2218 ῥήτορας
1080 2124 1302 2214 διακρίνουσιν,
1338 2123 1420 2194 οῖλλδ

440 2228 496 2296 καί
519 2229 681 2319 ζωγράφοι
695 2229 738 2297 τδι
754 2227 915 2298 Ἀπελλοῦ
935 2231 1078 2298 καὶτῶν
1100 2229 1220 2296 ἐκεῖνον
1240 2228 1418 2319 μιμησαμέ-

443 2357 506 2398 νων
538 2332 595 2400 καί
629 2331 777 2400 πλάσται
809 2333 852 2401 τὰ
884 2332 1102 2401 Πολυκλείτου
1134 2332 1191 2401 καί
1220 2335 1350 2422 γλυφεῖς
1375 2332 1420 2401 τδι

448 2432 580 2502 Φειδίου
612 2436 714 2523 (corto
740 2460 801 2504 sus
828 2440 862 2504 in
890 2445 961 2504 arto
989 2439 1150 2522 principos
1180 2443 1348 2519 notantur,
1379 2437 1419 2504 cf.

446 2537 514 2605 cio.
537 2561 584 2605 or.
607 2544 626 2604 3
650 2541 746 2627 sqq.)

245 2640 346 2708 Dion.
370 2641 411 2707 dc
434 2642 536 2708 Thus.
560 2644 635 2710 hist.
655 2647 678 2708 4
698 2667 729 2728 p.
746 2649 808 2708 816
824 2664 887 2730 sq.:
910 2643 1085 2727 scriptores
1107 2643 1205 2710 ctiam
1227 2642 1317 2706 rudis
1339 2641 1419 2706 artis

445 2746 540 2812 homo
572 2748 657 2812 iusto
688 2747 847 2828 aestimet.
892 2741 966 2811 οῦδὲ
997 2743 1057 2833 γὰρ
1085 2743 1144 2822 τὰς
1168 2740 1329 2812 Ἀπελλοῦ
1359 2742 1416 2808 καί

412 2845 595 2930 ,Ζεύξιδος
621 2847 678 2914 καί
709 2845 934 2935 Πρωτογένους
964 2847 1111 2913 καὶτῶν
1140 2842 1245 2912 άλλων
1272 2843 1421 2935 γραφέων

440 2953 506 3015 ταῖν
535 2949 802 3034 διωνομασμένων
825 2949 937 3032 τέχνας
964 2945 995 3015 οῖ
1022 2948 1068 3038 μὴ
1094 2947 1154 3026 τδις
1175 2944 1276 3026 αῦτδις
1297 2945 1420 3030 ἔχοντες

442 3049 576 3130 ἐκείνοις
601 3049 718 3141 άρετδις
744 3049 861 3139 κρίνειν
883 3051 1094 3119 κεκώλυνται·
1124 3047 1198 3119 οῦδὲ
1219 3050 1262 3117 τὰ
1288 3048 1420 3117 Φειδίου

335 3207 337 3212 -
445 3154 501 3222 καί
522 3153 741 3222 Πολυκλείτου
763 3154 820 3221 καί
842 3153 1002 3238 Μάρωνος
1023 3151 1098 3242 ἔργα
1120 3149 1151 3220 οἱ
1171 3153 1216 3242 μη
1237 3155 1420 3243 τηλικοῦτοι

424 3255 631 3346 δημιουργοί.
689 3260 866 3326 multarum
905 3281 1015 3325 rorum
1052 3280 1119 3332 non
1159 3259 1251 3344 peior
1294 3258 1418 3323 artifice

446 3361 545 3427 iudcx
566 3369 616 3426 est
637 3362 769 3447 rudis.¹)
1376 3373 1377 3377 ’

244 3461 344 3527 Dion.
369 3461 409 3528 do
432 3462 517 3528 adm.
540 3466 570 3529 vi
594 3447 655 3530 dic.
676 3465 772 3532 Dcm‚
802 3469 842 3530 50
864 3486 896 3548 p.
920 3467 1019 3528 1108:
1054 3461 1281 3527 concinnitatis
1302 3461 1423 3526 Demo-

445 3567 610 3632 sthenicac
626 3569 783 3651 optimum
808 3561 967 3654 κριτήριον
988 3561 1007 3653 ἡ
1030 3559 1144 3649 άλογος
1172 3558 1340 3650 αἴσθησις·
1370 3562 1419 3628 δεῖ

440 3667 468 3732 δ’
485 3664 567 3756 αὐτῇ
580 3673 689 3758 τριβῆς
705 3669 826 3757 πολλῆς
848 3667 904 3733 καί
918 3665 1119 3756 κατηχήσεως
1135 3661 1273 3753 χρονίου·
1298 3660 1333 3729 οῦ
1355 3663 1416 3753 γὰρ

450 3770 489 3859 δὴ
517 3770 665 3837 πλάσται
690 3769 749 3856 μὲν
771 3769 827 3836 καί
850 3768 1025 3858 ζωγράφων
1045 3769 1164 3846 παῖδες
1182 3765 1212 3834 εί
1231 3766 1276 3857 μὴ
1296 3767 1420 3856 πολλὴν

448 3871 619 3961 ἐμπειρίαν
640 3872 769 3964 λάβοιεν
790 3871 891 3962 χρόνῳ
910 3869 1084 3960 τρίψαντες
1096 3871 1155 3949 τδις
1168 3867 1294 3960 δράσεις
1307 3873 1421 3958 μακρῷ

199 4161 335 4230 ἰσχνότηε,
353 4158 371 4231 ἦ
390 4161 421 4217 δέ
438 4161 495 4220 ταῖν
513 4162 582 4234 μετὰ
600 4161 688 4218 ταῦτα
706 4165 831 4237 ἑρμηνεία
844 4169 899 4220 τοῖς
919 4160 1028 4216 Φειδίου
1046 4165 1130 4236 ἔργοις
1148 4157 1199 4229 ἤδη
1216 4165 1301 4216 ἔοικεν
1317 4159 1421 4232 ἔχουσά

199 4268 227 4301 τι
245 4253 289 4301 καὶ
306 4247 450 4322 μεγαλεῖον
469 4257 513 4304 καὶ
532 4247 638 4322 ἀκριβὲς
655 4247 720 4320 ἅμα,
739 4250 772 4304 cf.
790 4249 845 4304 Dio
865 4248 1007 4318 chrysost.
1026 4266 1066 4302 or.
1085 4249 1119 4302 56
1136 4266 1164 4316 p.
1181 4249 1233 4302 403
1251 4247 1285 4303 R.

289 4333 309 4402 ¹)
328 4334 362 4389 cf.
381 4335 539 4404 symmach.
550 4337 632 4405 epist.
651 4335 730 4390 123:
768 4340 805 4403 ,et
823 4335 939 4390 Phidiae
958 4335 1118 4404 Olympium
1131 4333 1227 4388 Iovem
1247 4338 1275 4388 et
1292 4333 1419 4402 Myronis

199 4418 331 4474 buculam
354 4423 383 4475 et
408 4421 542 4492 Polycliti
565 4423 737 4492 canephoras
760 4422 838 4476 rudis
866 4422 925 4476 eius
953 4421 1023 4475 artis
1053 4420 1199 4474 hominum
1225 4436 1291 4489 pars
1319 4437 1421 4490 magno

200 4506 305 4559 mirata
323 4509 387 4560 cst‘
