3362 5216
897 247 937 308 32

302 449 356 539 (cf.
374 453 471 518 Dion.
495 450 534 518 de
550 450 626 516 Din.
644 455 663 514 8
685 471 716 533 p.
733 450 822 534 646),
844 472 941 534 quam
963 450 1019 533 qui
1034 449 1264 515 Demosthenis
1286 451 1350 515 vim
1372 456 1407 514 et
1422 448 1526 533 gravi-

303 561 418 636 tatem,
447 555 684 620 Democharem
712 576 786 620 cum
813 556 1027 619 imitarentur.
1070 554 1182 636 itaque
1209 559 1355 618 oratores
1381 553 1545 632 Asianos¹

303 681 403 724 unum
418 657 546 723 dicendi
561 679 662 741 genus
677 657 841 741 amplexos
857 677 926 723 esse
942 657 1056 740 procul
1067 648 1166 722 dubio
1179 656 1296 722 falsum
1308 663 1366 737 est,
1382 677 1446 721 neo
1461 657 1527 720 sine

302 762 429 826 ratione
449 759 562 828 Cicero
585 762 679 826 Brut.
703 765 764 824 285
788 781 835 843 sq.
858 761 1061 825 Demetrium
1084 758 1268 826 Charisium
1288 759 1528 824 Democharem

304 865 431 931 videtur
454 864 656 929 coniunxisse
678 864 771 946 quasi
786 862 933 943 triadem,
957 884 996 926 ex
1012 863 1101 928 cuius
1117 863 1245 928 dicendi
1261 883 1376 946 genere
1389 863 1526 941 diverso,

246 1009 250 1016 -
304 967 361 1033 sed
384 967 496 1033 eodem
518 968 623 1031 minus
645 967 759 1033 Attico
782 970 889 1032 cetera
912 967 977 1030 iam
999 972 1153 1048 corrupta
1168 966 1295 1031 Asiana
1319 971 1528 1044 emanarent,

303 1092 379 1136 nam
393 1075 490 1134 tenue
506 1068 634 1134 dicendi
647 1091 748 1153 genus
764 1068 942 1148 Charisius
964 1089 1063 1151 grave
1078 1068 1309 1148 Demochares,
1333 1069 1526 1134 Demetrius

305 1171 447 1236 medium
462 1172 638 1237 excolebat.
683 1192 785 1254 quare
800 1193 873 1236 cum
888 1177 1033 1236 veterum
1049 1176 1124 1236 ante
1140 1171 1343 1236 Dinarchum
1359 1177 1529 1236 oratorum

305 1275 494 1340 Atticorum
522 1275 609 1340 iusta
636 1275 830 1341 existimatio
859 1281 891 1339 et
911 1274 1050 1339 imitatio
1079 1272 1146 1338 fere
1169 1275 1352 1350 evanuerit,
1380 1273 1532 1340 floruerit

305 1379 420 1442 insana
447 1377 609 1460 quaedam
630 1384 664 1442 et
684 1379 798 1460 inepta
824 1377 1010 1459 eloquentia
1032 1399 1071 1442 ex
1094 1377 1283 1442 Atticorum
1310 1379 1532 1460 posteriorum

305 1479 434 1546 dicendi
459 1480 630 1564 generibus
657 1480 852 1563 depravata,
881 1501 975 1546 nemo
999 1486 1085 1545 certe
1107 1485 1177 1544 tum
1199 1500 1355 1545 canonem
1377 1485 1530 1544 nostrum

306 1583 497 1648 imitationis
531 1583 638 1666 gratia
667 1583 870 1667 propositum
900 1603 969 1648 esse
1004 1583 1088 1649 serio
1110 1582 1299 1664 crediderit,
1334 1584 1433 1648 immo
1457 1603 1531 1666 per·

305 1687 451 1769 spicuum
479 1691 528 1750 est
554 1686 686 1750 canonis
715 1687 870 1770 originem
899 1708 964 1751 non
991 1687 1081 1771 prius
1104 1707 1173 1750 esse
1197 1686 1394 1768 ponendam,
1427 1707 1531 1768 quam

303 1795 449 1854 veterum
481 1788 669 1854 Atticorum
705 1791 811 1856 verior
846 1789 1029 1854 aestimatio
1058 1788 1201 1853 redierit.
1245 1788 1279 1853 id
1317 1788 1405 1872 quod
1440 1789 1530 1853 cirea

304 1892 531 1976 Hermagorae
553 1898 693 1958 aetatem
720 1893 862 1958 evenisse
890 1893 1018 1957 scimus.
1061 1891 1173 1975 itaque
1196 1892 1230 1956 iu
1257 1885 1530 1975 1116661616,ἐί-

305 1995 437 2080 qnidem
459 1994 682 2078 Hermagoras
705 1994 828 2062 Temno
850 1995 999 2060 Aeolidis
1027 2000 1116 2060 ortus
1145 1995 1267 2077 primus
1296 1995 1415 2059 iustam
1438 1994 1531 2060 Atti-

305 2120 415 2164 corum
442 2098 653 2164 imitationem
681 2099 803 2182 apertis
829 2098 957 2164 dicendi
983 2097 1127 2163 fontibus
1147 2097 1289 2180 antiquis
1312 2099 1468 2163 excitavit
1492 2117 1531 2161 ac

305 2202 477 2268 commovit
503 2199 585 2288 (Cic.
614 2202 654 2267 de
680 2202 743 2267 inv.
766 2202 785 2267 1
808 2206 841 2283 6,
865 2206 895 2266 8.
924 2201 963 2267 Π
985 2205 1018 2282 3,
1042 2200 1093 2287 8),
1125 2194 1319 2266 exstiterunt
1345 2201 1400 2285 qui
1428 2201 1529 2265 Asia-

305 2327 420 2370 norum
434 2305 582 2370 insanam
597 2305 724 2371 dicendi
738 2305 897 2370 rationem
911 2309 1110 2388 respuerent,
1132 2310 1321 2369 revocarent
1336 2305 1530 2368 Atticorum

306 2408 532 2474 salubritatem
562 2413 595 2474 et
614 2408 847 2492 integritatem.
890 2428 996 2492 neque
1023 2412 1131 2471 tamen
1152 2406 1393 2490 Hermagoram
1419 2409 1531 2490 ipsum

306 2512 439 2577 canonis
475 2517 640 2576 auctorem
675 2510 774 2576 fuisse
810 2511 903 2577 facile
940 2510 1168 2590 concesserim3
1209 2511 1265 2592 qui
1302 2511 1451 2593 quamvis
1487 2511 1532 2591 ,in

305 2614 453 2699 plurimis
475 2613 696 2679 admirandus‘
720 2613 847 2700 (Quint.
870 2614 928 2680 III
952 2617 1001 2693 ll,
1025 2613 1081 2697 22)
1108 2633 1261 2696 magnam
1290 2612 1442 2678 habuerit
1464 2613 1532 2677 vim

306 2724 339 2783 et
367 2718 594 2784 auctoritatem
622 2717 710 2802 apud
732 2717 899 2802 aequales,
928 2723 1039 2781 tamen
1060 2736 1132 2780 oum
1153 2717 1188 2780 in
1210 2717 1391 2800 praeceptis
1415 2716 1456 2782 de
1481 2717 1532 2780 in-

306 2823 455 2888 ventione
485 2827 517 2886 et
542 2821 753 2904 dispositione
783 2820 899 2886 dandis
928 2819 995 2886 fere
1023 2824 1111 2884 totus
1134 2823 1219 2883 esset
1242 2825 1433 2902 occupatus,
1465 2821 1532 2884 elo-

307 2925 470 2991 cutionem
491 2946 595 3008 paene
616 2945 784 3008 nunquam
804 2923 995 3007 respiceret,
1018 2942 1083 2986 non
1105 2926 1155 2986 est
1177 2921 1347 3004 probabile
1370 2944 1529 2990 canonem

308 3036 346 3093 ut
365 3029 553 3094 elocutionis
576 3049 722 3093 normam
741 3048 780 3093 ac
800 3026 947 3112 regulam
967 3025 1009 3090 ab
1032 3045 1070 3089 eo
1090 3045 1160 3090 esse
1182 3026 1385 3108 propositum
1405 3026 1530 3112 (Blass,

311 3131 374 3198 ΘΒ
397 3136 438 3196 86
461 3131 524 3218 sq).
569 3133 681 3214 itaque
702 3131 872 3217 proposuit
892 3151 966 3194 eum
987 3149 1069 3192 unus
1092 3149 1131 3192 ex
1146 3127 1271 3210 multis,
1295 3150 1375 3211 quos
1391 3129 1475 3195 Asia
1500 3135 1532 3194 et

311 3235 447 3315 Rhodus
489 3237 578 3316 tulit,
616 3234 802 3300 rhetoribus
844 3238 919 3316 post
954 3238 1104 3298 renatum
1142 3237 1306 3297 oratorum
1341 3232 1532 3298 Atticorum

310 3339 453 3404 studium
477 3345 608 3404 etanta
631 3337 808 3403 Caecilium
830 3335 1031 3402 florentibus.

395 3441 484 3508 Nam
511 3440 545 3505 id
572 3440 705 3524 quidem
730 3446 842 3506 nostro
871 3440 940 3504 iure
966 3439 1112 3504 videmur
1140 3437 1344 3503 contendisse
1367 3438 1530 3504 rhetorem

312 3547 443 3630 canonis
470 3545 570 3609 fuisse
593 3550 759 3609 auctorem
781 3544 827 3628 (p.
849 3541 914 3626 25).
958 3542 1024 3606 iam
1046 3562 1118 3605 oum
1140 3540 1183 3605 ad
1204 3541 1426 3622 quaestionem
1448 3540 1530 3606 dilu-

312 3649 413 3714 cidius
436 3647 674 3713 inlustrandam
697 3646 777 3712 artis
799 3645 980 3711 rhetoricae
1002 3644 1171 3708 historiam
1199 3645 1312 3726 paucis
1335 3643 1529 3708 adumbrare

313 3773 394 3835 opus
417 3753 468 3832 sit,
490 3751 694 3816 notissimum
714 3749 775 3814 hoc
795 3746 1190 3832 praemitto'rhetoricen,
1213 3752 1385 3830 postquam
1406 3749 1440 3812 in
1455 3747 1529 3812 Ari·

313 3854 428 3920 stotele
456 3854 590 3939 eiusque
619 3852 777 3937 discipulo
801 3849 1029 3934 Theophrasto
1053 3849 1131 3932 quid
1153 3857 1321 3932 praestare
1344 3857 1453 3934 posset
1475 3850 1529 3915 do·

314 3959 434 4039 cuerit,
457 3957 665 4040 languescere
692 3954 863 4040 paullatim
885 3952 1027 4036 coepisse
1048 3959 1079 4018 et
1102 3953 1262 4038 cadere1),
1291 3953 1452 4035 rhetores,
1475 3953 1530 4036 qui

313 4062 400 4126 hanc
412 4062 610 4146 provinciam
626 4059 836 4143 susciperent,
858 4057 1005 4122 inventos
1021 4077 1091 4121 esse
1103 4056 1169 4121 fere
1185 4056 1299 4138 nullos,
1322 4056 1529 4140 philosophos

312 4165 346 4229 in
369 4165 482 4248 primis
506 4163 631 4232 Stoicos
654 4169 687 4228 et
708 4161 946 4246 Peripateticos
975 4160 1059 4225 hanc
1079 4160 1113 4224 in
1136 4181 1203 4224 rem
1226 4160 1320 4224 nimis
1344 4151 1474 4242 spinosa
1496 4165 1528 4222 et

404 4404 424 4472 ι)
444 4403 482 4458 cf.
502 4402 539 4459 Η.
559 4402 579 4456 J
582 4403 688 4467 entsob,
707 4400 874 4455 Aristotelis
894 4417 927 4453 ex
946 4401 1008 4452 arte
1025 4399 1166 4452 rhetorica
1183 4399 1329 4466 quaeritur
1346 4397 1414 4467 quid
1431 4398 1531 4452 habeat

318 4491 428 4560 Cicero,
446 4490 513 4544 diss.
530 4489 623 4544 Berol.
645 4491 712 4542 1866
729 4506 756 4558 p.
777 4489 816 4542 10.
