3362 5216
790 277 829 337 73

202 480 287 546 solos
311 501 375 560 ecs,
400 480 455 564 qui
477 481 561 544 circa
577 477 730 562 Apellem
751 485 784 545 et
798 479 980 563 Lysippum
1002 477 1258 560 efflorescebaut,
1283 477 1423 544 artifices

201 583 381 648 imitatione
420 585 535 668 dignos
572 583 849 664 commendarent,
888 588 937 646 tot
974 582 1089 648 saltem
1126 581 1267 647 artifices
1306 602 1425 665 eosque

202 685 434 752 diversissimos
463 707 517 751 eos
547 687 753 770 proposuisse
784 686 827 751 ad
853 685 1067 751 imitationem
1096 686 1195 770 plane
1223 686 1426 769 comprobari

201 796 368 872 nequeat,
388 790 511 856 Rhodii
542 791 602 854 has
634 788 773 854 decades
805 810 869 853 non
900 789 1100 854 invenerunt.
1151 794 1295 853 ceterum
1325 809 1425 854 unum

202 893 406 959 Oallixenum
420 893 585 959 Rhodium
607 893 682 957 novi
703 892 823 957 artium
844 890 999 956 historiae
1020 892 1220 976 scriptorem,
1245 892 1334 958 cuius
1350 890 1426 979 περὶ

196 991 434 1082 Ἀλεξανδρείας
469 1017 550 1080 opus
581 996 660 1064 satis
693 995 859 1078 vulgatum
892 1002 962 1060 erat
992 1015 1051 1077 per
1081 995 1327 1078 antiquitatem,
1362 999 1427 1060 τῶν

201 1096 376 1185 ζωγράφων
404 1123 439 1164 τε
468 1097 524 1164 καὶ
555 1083 831 1185 ἆνδριαντὸποιιῦν
861 1091 1046 1184 ἀναγραφαί
1052 1148 1060 1178 ,
1097 1098 1194 1164 exiles
1227 1105 1264 1163 ut
1296 1098 1427 1164 videtur

199 1202 391 1285 ieiunaeque
419 1202 568 1282 tabulae,
596 1222 728 1284 prorsus
750 1200 1021 1283 neglegebantur,
1050 1202 1112 1266 nisi
1138 1201 1225 1285 quod
1249 1200 1426 1284 Sopatrum

201 1327 255 1370 eas
278 1306 465 1372 adhibuisse
480 1305 619 1370 Photius
644 1303 722 1369 bibl.
740 1303 884 1368 coditi
900 1326 938 1389 p.
948 1307 1010 1368 104
1025 1302 1141 1382 tradit,
1164 1305 1232 1368 eius
1247 1310 1338 1369 aetas
1354 1326 1426 1370 oum

199 1410 231 1473 in
262 1410 394 1474 tertium
425 1431 453 1474 a.
479 1407 539 1474 Oh.
563 1407 727 1472 saeculum
749 1406 886 1488 incidat,
910 1413 988 1473 tunc
1009 1407 1164 1491 temporis
1187 1407 1298 1472 Rhodi
1322 1408 1426 1474 simile

201 1518 299 1596 atque
322 1512 459 1596 Sicyone
487 1511 630 1576 studium
651 1511 791 1594 viguisse
819 1511 853 1574 in
874 1516 1028 1593 promptu
1048 1516 1097 1574 est
1120 1511 1282 1587 conicere;
1312 1517 1427 1596 postea

201 1637 274 1680 vero
296 1616 338 1680 de
359 1616 477 1679 artium
500 1615 662 1679 historicis
686 1620 719 1679 et
741 1614 860 1678 criticis
880 1613 1020 1679 Rhodiis
1042 1613 1124 1677 nihil
1147 1618 1197 1677 est
1213 1621 1423 1696 compertum,

201 1719 392 1801 videturque
422 1717 565 1783 studium
592 1717 674 1781 illud
697 1718 829 1782 cessisse
851 1717 885 1780 in
905 1715 1037 1797 Asiam,
1059 1716 1124 1780 'ubi
1146 1716 1325 1800 Pergamus
1347 1719 1426 1784 urbs

202 1843 281 1906 prae
303 1821 418 1888 ceteris
441 1821 537 1904 longe
560 1819 723 1886 eminebat
748 1819 1064 1902 magnificentissime
1087 1817 1278 1885 Attalorum
1301 1842 1426 1888 summa

207 1926 428 1992 munificentia
451 1930 576 1988 ornata.
621 1924 667 1988 ibi
682 1924 716 1988 in
731 1928 818 1987 artes
840 1923 1072 2000 mutassimile
1095 1923 1240 1988 studium
1262 1924 1427 1991 conlatum

207 2050 275 2093 esse
299 2031 417 2094 scimus
441 2034 539 2111 atque
556 2029 589 2092 in
611 2027 748 2092 litteras.
792 2027 933 2110 pictores
950 2031 982 2090 et
997 2028 1149 2092 statuarii
1164 2027 1258 2093 multi
1274 2029 1427 2112 Pergami

202 2131 362 2197 florebant
372 2133 398 2218 ¹)
410 2181 417 2213 ,
448 2134 504 2215 qui
533 2153 605 2196 cum
629 2130 775 2213 exempla
803 2129 846 2194 ad
869 2129 1062 2194 imitandum
1083 2131 1301 2213 requirerent,
1331 2131 1427 2216 plura

206 2235 248 2300 ihi
282 2257 380 2318 quam
415 2237 543 2319 uspiam
575 2234 655 2299 alibi
685 2234 903 2299 inveniebant.
927 2254 1023 2298 nam
1054 2239 1091 2298 ut
1119 2233 1219 2297 libros
1252 2237 1425 2319 praecipue

200 2337 363 2404 Eumenes
385 2339 424 2403 ΙΙ
448 2339 654 2422 (iss-159)
678 2337 822 2420 undique
845 2336 1006 2402 conlectos
1025 2337 1059 2400 in
1075 2323 1279 2402 bibliothecis
1297 2340 1427 2422 congeri

199 2441 308 2519 iussit,
341 2443 405 2522 ita,
440 2442 496 2524 qui
527 2443 556 2506 ei
588 2441 756 2520 successit,
789 2440 926 2506 Attalus
958 2439 1234 2525 11-(159-138)
1263 2439 1425 2524 singulare

201 2544 344 2608 studium
367 2544 504 2609 contulit
525 2545 559 2608 in
581 2542 801 2627 conquirenda
824 2543 986 2608 artificum
1002 2564 1110 2625 opera,
1135 2565 1219 2626 quae
1234 2563 1307 2608 cum
1321 2545 1425 2610 multa

202 2646 358 2712 Corintho
388 2646 581 2731 praesertim
604 2647 712 2712 deleta
734 2647 932 2730 Pergamum
953 2645 1185 2730 migrarentl),
1207 2647 1253 2711 ibi
1278 2649 1311 2711 in
1333 2649 1423 2730 pina·

202 2751 342 2814 cothecis
372 2750 500 2833 templis
533 2752 624 2833 regia
652 2750 731 2814 alibi
761 2751 1004 2833 spectabantur.
1058 2771 1169 2816 eorum
1197 2772 1273 2815 mox
1301 2751 1424 2816 indices

201 2859 275 2918 sunt
303 2853 442 2918 confecti
464 2859 498 2918 et
518 2859 710 2935 argumenta
733 2849 926 2940 (διαθέσεις)
951 2837 1161 2938 descripta³);
1192 2859 1262 2918 tum
1284 2855 1425 2936 genuina

201 2977 242 3019 au
276 2956 449 3021 subditicia
479 2958 558 3037 sint,
589 2956 771 3022 imitatione
799 2956 898 3038 digna
926 2979 1042 3039 necne,
1075 2957 1292 3041 disceptatum
1320 2958 1423 3044 est‘);

293 3229 314 3297 1)
334 3228 410 3283 inter
438 3230 590 3284 statuarios
608 3232 792 3283 recensentur
818 3247 835 3282 a
862 3228 957 3283 Plinio
975 3227 1105 3284 XXXIV
1129 3232 1164 3284 04
1189 3228 1320 3300 Isigonus
1338 3229 1424 3297 Pyro·

204 3317 319 3370 machus
345 3316 523 3370 Stratonicus
547 3316 725 3386 Antigonus;
749 3319 783 3370 88
806 3317 970 3385 adiungitur
992 3316 1152 3386 Epigonum
1179 3315 1368 3386 Pyromachus
1395 3320 1425 3369 et

205 3403 369 3472 Antigonus
386 3403 472 3466 iidem
492 3403 607 3457 fuerunt
620 3403 744 3472 pictores
763 3403 846 3474 (Plin.
864 3401 980 3458 XXXV
999 3404 1073 3471 146);
1088 3403 1257 3472 Pyromachi
1269 3402 1424 3470 discipulus

202 3487 271 3544 Milo
293 3489 421 3543 Solensis
444 3489 538 3557 pictor
560 3489 628 3556 fuit;
649 3483 792 3560 Pergami
816 3490 938 3560 degebat
960 3487 1047 3544 Sosus
1069 3491 1146 3544 iuter
1169 3489 1262 3558 operis
1285 3489 1423 3542 tessellati

203 3593 224 3628 s.
247 3575 353 3629 musivi
375 3579 530 3628 structores
554 3593 679 3630 summus
702 3576 834 3645 princeps
863 3575 947 3643 (Plin.
981 3575 1112 3630 XXXVI
1146 3577 1219 3645 184);
1253 3574 1288 3630 cf.
1316 3572 1423 3639 Brunn,

205 3660 278 3732 (ng
296 3662 312 3716 I
329 3680 357 3730 p.
375 3663 427 3715 442
444 3680 484 3730 sq.

290 3747 313 3818 ⁹)
330 3749 360 3802 0.
374 3748 406 3802 Ο.
419 3747 548 3820 Mueller,
558 3749 767 3817 Archaeologie
780 3748 830 3802 der
839 3747 944 3814 Kunst,
960 3767 987 3817 p.
1004 3747 1084 3816 167²;
1097 3765 1122 3801 v.
1136 3765 1162 3816 g.
1175 3745 1210 3800 oi.
1223 3746 1297 3801 Plin.
1309 3746 1423 3802 XXXV

204 3837 246 3888 24.
267 3837 324 3890 100.
343 3837 385 3892 00.

292 3921 313 3990 ³)
331 3922 377 3975 vel
400 3920 557 3990 plenissimi
581 3937 698 3988 operum
726 3920 832 3974 indices
862 3921 1038 3974 ducebantur
1060 3919 1202 3989 Antigoni
1230 3920 1278 3988 (oi.
1305 3919 1423 3985 Preller,

200 4005 308 4060 Polam.
331 4007 384 4076 frg.
407 4026 434 4076 p.
459 4009 492 4060 97
511 4008 597 4075 sqq.);
621 4025 650 4060 π.
671 4005 822 4066 διαθέσεως
847 4008 961 4076 scripsit
978 4005 1093 4060 Adaeus
1116 4005 1316 4074 Mytilenaeus,
1335 4006 1424 4060 multa

199 4093 255 4147 huc
277 4095 400 4148 contulit
421 4093 550 4158 Polemo,
575 4111 695 4162 qnorum
718 4098 837 4164 uterque
860 4095 1017 4149 studiorum
1041 4093 1181 4146 rationem
1206 4110 1223 4145 a
1239 4091 1423 4164 Pergamenis

201 4178 301 4233 vicinis
320 4180 433 4234 videtur
449 4180 625 4250 repetivisse.

285 4266 309 4336 4)
328 4266 362 4321 de
374 4267 523 4338 Antigono
542 4269 610 4321 haec
623 4267 711 4320 habet
724 4265 913 4321 Wilamowita
929 4267 948 4319 l.
966 4267 983 4318 l.
1002 4251 1031 4334 pi
1047 4265 1108 4318 146:
1138 4265 1192 4331 ,die
1210 4248 1423 4320 namentlichen

203 4351 429 4424 Anfuehrungen
442 4355 547 4424 zeigen,
567 4354 630 4407 dass
643 4355 805 4424 Antigones
818 4353 923 4408 sowohl
942 4352 987 4405 die
1000 4351 1249 4422 Beschreibungen
1262 4352 1424 4407 (1611161111-

202 4441 311 4504 meute,
329 4440 383 4493 wie
399 4439 658 4511 Untersuohungen
679 4440 766 4494 ueber
788 4441 849 4493 ihre
867 4439 1009 4504 Urhcber,
1032 4438 1085 4492 wie
1103 4439 1270 4492 stilistische
1289 4439 1423 4492 Kritiken

203 4524 334 4593 geliefert
356 4527 427 4594 hat;‘
452 4527 487 4581 cf.
505 4545 532 4596 p.
551 4528 645 4581 7-17.
676 4528 726 4582 130
750 4543 808 4595 sqq.
839 4525 984 4579 143-146.
1020 4542 1055 4579 ex
1077 4525 1164 4580 schol.
1187 4525 1276 4580 Arist.
1299 4525 1353 4580 Av.
1371 4525 1423 4580 573
