3362 5216
805 259 845 318 53

216 455 344 520 Asiana
358 456 543 538 eloquentia
557 478 690 541 prorsus
705 460 832 545 neglegi
846 461 999 545 potuerit.
1037 457 1113 542 hinc
1126 456 1265 540 profecti
1280 477 1437 522 canonem

217 563 305 622 certo
327 563 401 641 post
426 561 485 622 150
508 562 720 642 compositum
743 583 812 628 esse
835 561 1106 628 adseverabimus.
1152 580 1255 642 neque
1271 560 1319 624 ita
1334 560 1436 624 multo

215 665 289 741 post
308 660 342 724 in
361 660 503 725 medium
525 663 673 744 prolatus
696 669 760 745 est,
784 687 871 747 cum,
893 665 949 729 ubi
970 664 1111 748 primum
1133 661 1262 727 Atticos
1285 662 1433 726 imitandi

215 761 418 845 eloquentiae
440 763 603 829 studiosos
624 754 757 832 incessit
772 767 976 848 desiderium,
1001 765 1145 832 delectus
1160 770 1326 829 oratorum
1341 765 1436 847 quasi
1522 786 1525 794 ·

215 864 396 929 studiorum
427 865 672 933 fundamentum
703 870 842 935 maxime
873 870 1103 953 requireretur.
1157 867 1231 931 dein
1263 871 1437 950 postquam

215 965 329 1032 studiis
352 967 472 1033 criticis
495 969 537 1034 ab
560 969 783 1055 Aristophane
807 977 840 1037 et
862 971 1055 1041 Aristarcho
1077 970 1239 1035 incohatis
1266 973 1436 1051 poetarum

214 1068 343 1134 ordines
359 1071 525 1137 constituti
537 1079 621 1154 sunt,
634 1093 842 1159 nequaquam
857 1075 998 1140 alienum
1010 1079 1089 1154 erat,
1105 1079 1281 1152 oratorum,
1298 1092 1436 1153 quorum

214 1172 351 1237 imitatio
380 1173 414 1236 in
443 1171 513 1238 dies
538 1175 718 1257 crescebat,
751 1197 907 1242 canonem
938 1175 1074 1241 efficere.
1126 1173 1198 1253 sed,
1228 1174 1256 1238 si
1282 1172 1437 1238 Panaetii

213 1273 319 1338 locum
342 1274 395 1359 (61.
419 1298 450 1359 p.
476 1276 530 1364 10)
552 1277 586 1342 16
608 1276 861 1362 disputationem
883 1299 999 1344 vocare
1022 1276 1071 1342 fas
1088 1282 1146 1358 est,
1169 1281 1245 1340 ante
1262 1279 1323 1339 140
1339 1275 1434 1341 decas

213 1397 277 1441 non
301 1383 350 1442 est
372 1379 565 1462 constituta,
589 1381 641 1445 cui
661 1388 843 1465 temporum
866 1379 1047 1447 definitioni
1070 1377 1224 1444 etiamid
1247 1385 1358 1462 aptum
1374 1385 1433 1460 est,

214 1478 301 1560 quod
332 1480 572 1564 Hermagoran
610 1483 742 1548 canonis
772 1489 938 1548 auctorem
968 1482 1066 1547 fuisse
1097 1479 1249 1546 credibile
1280 1502 1345 1545 non
1375 1488 1432 1547 cst.

213 1602 251 1645 ex
274 1583 380 1648 altera
400 1603 476 1648 vero
496 1591 591 1667 parte
613 1585 815 1669 inquiramus
837 1589 976 1668 oportet,
1000 1582 1132 1671 quando
1154 1583 1342 1649 Atticorum
1363 1585 1433 1649 imi·

210 1684 293 1748 tatio
314 1686 363 1749 ita
383 1684 538 1768 floruerit,
561 1694 598 1752 ut
618 1687 761 1752 Asianos
784 1688 944 1771 respicere
966 1707 1031 1752 non
1054 1691 1138 1751 esset
1159 1706 1299 1751 neccsse.
1346 1693 1434 1752 certe

209 1787 274 1851 iam
301 1787 453 1854 Caesaris
481 1811 587 1872 neque
610 1791 756 1874 Augusti
784 1789 913 1856 demum
941 1795 1050 1854 aetate
1071 1787 1260 1853 Atticorum
1288 1788 1431 1860 studium

209 1889 381 1974 plerosque
410 1890 637 1958 oblectaverat.
681 1899 812 1977 praeter
832 1891 1073 1975 Hermagoram
1095 1895 1128 1956 et
1149 1890 1432 1974 Agatharchidam

209 1993 444 2059 vetustissimos
476 2017 557 2077 quos
587 1995 717 2080 quidem
747 1997 836 2060 certo
867 1993 1005 2058 sciamus
1034 1994 1223 2058 Atticorum
1253 1998 1433 2059 sectatores

210 2094 303 2158 multi
332 2097 455 2161 maiore
480 2097 643 2162 minoreve
672 2098 741 2162 iure
769 2097 957 2162 Atticorum
987 2116 1103 2160 nomen
1134 2116 1173 2160 ac
1202 2095 1323 2161 famam
1357 2102 1433 2161 sunt

209 2199 388 2279 consecuti,
425 2205 462 2264 ut
498 2221 515 2264 e
548 2199 685 2266 Graecis
717 2201 909 2284 Diophanes
946 2198 1163 2284 Mytilenaeus
1200 2205 1232 2263 et
1264 2198 1432 2263 Menelaus

208 2298 422 2367 Marathenus
441 2300 665 2369 Gracchorum
682 2308 909 2387 praeceptores
926 2301 1048 2387 (Blass,
1065 2300 1130 2367 GB
1147 2301 1213 2386 88),
1236 2300 1432 2383 Apollonius

209 2408 240 2466 et
255 2402 344 2469 Molo
360 2405 491 2484 Rhodii,
515 2404 735 2488 Apollodorus
750 2406 972 2490 Pergamenus
988 2406 1121 2488 eiusque
1141 2403 1301 2486 discipuli,
1324 2404 1432 2469 Mene-

209 2503 321 2570 demus
353 2513 386 2572 et
413 2508 607 2574 Pammenes
635 2509 853 2574 Athenienses
883 2506 965 2592 (Cic.
998 2507 1037 2572 de
1067 2527 1112 2570 or.
1145 2505 1164 2569 I
1195 2509 1251 2584 883
1281 2527 1326 2569 or.
1354 2509 1430 2585 1053

208 2607 301 2672 Brut.
328 2613 418 2692 332),
441 2611 614 2694 Menippus
639 2610 890 2678 Stratonicensis
919 2608 1002 2695 (Cic.
1029 2609 1122 2672 Brut.
1147 2609 1242 2693 315),
1266 2607 1431 2672 Diodorus

209 2708 387 2778 Sardianus
409 2713 581 2781 Strabonis
603 2713 714 2801 (XIII
739 2735 770 2797 p.
804 2717 867 2777 628
891 2711 945 2800 O.)
973 2711 1111 2792 amicus,
1139 2711 1314 2776 Lesbonax
1334 2709 1431 2795 Myti-

206 2812 338 2879 lenaeus
359 2815 562 2899 Apollodoro
584 2818 693 2901 paullo
716 2818 821 2882 minor
842 2815 897 2901 (de
920 2837 984 2900 quo
1004 2839 1033 2882 v.
1053 2816 1159 2896 Blass,
1182 2813 1246 2880 ΘΒ
1262 2836 1293 2897 p.
1315 2814 1430 2899 163).¹)

207 2917 294 2998 quod
316 2917 405 2982 Molo
428 2919 562 2984 Atticae
590 2920 772 3004 elegantiae
800 2921 835 2984 in
862 2920 974 3002 primis
997 2917 1177 2998 studiosus,
1207 2917 1340 2983 Asianis
1362 2922 1429 2980 tam

206 3018 354 3099 infestus,
380 3027 417 3085 ut
439 3042 478 3086 ex
500 3023 623 3088 Atticis
646 3023 751 3106 ipsum
774 3021 977 3106 Hyperidem
999 3020 1192 3086 imitandum
1214 3021 1361 3104 eligeret,
1390 3041 1430 3084 ex

206 3121 290 3186 Asia
311 3121 465 3188 Rhodum
495 3125 642 3206 transiit,
673 3126 738 3191 iam
760 3130 837 3189 ante
862 3128 922 3188 100
947 3123 1136 3189 Atticorum
1158 3123 1373 3188 imitationem
1396 3123 1430 3186 in

206 3221 288 3289 Asia
300 3225 379 3290 satis
390 3227 629 3310 percrebruisse
641 3234 791 3311 apertum
802 3233 860 3293 est.
888 3226 1025 3294 eandem
1037 3232 1218 3310 temporum
1230 3227 1430 3292 notationem

208 3325 387 3394 evidentius
411 3330 603 3414 explorabis,
627 3330 664 3411 si,
680 3330 867 3395 Atticorum
890 3329 999 3395 studia
1015 3329 1145 3412 quando
1161 3328 1248 3413 apud
1264 3330 1430 3395 Romanos

207 3428 407 3496 Graecorum
419 3437 595 3497 sectatores
606 3431 785 3513 floruerint,
801 3433 943 3499 breviter
953 3432 1208 3516 perlustraveris.
1240 3432 1430 3515 priusquam

205 3530 400 3598 Hortensius
415 3532 576 3599 Asianum
592 3555 693 3618 genus
709 3535 858 3616 excoluit,
877 3535 1103 3618 Hermagorae
1121 3534 1290 3617 disciplina
1306 3534 1430 3600 Romae

206 3653 405 3720 summepere
447 3637 563 3720 viguit,
615 3657 690 3702 mox
730 3637 914 3704 Menedemi
954 3637 1169 3704 Atheniensis
1213 3641 1245 3702 et
1288 3637 1428 3704 Molonis

290 3878 311 3944 ²)
329 3877 405 3932 haud
423 3876 481 3929 scio
499 3893 535 3930 an
547 3875 728 3930 Metrodorus
741 3876 872 3946 Scepsius
890 3879 926 3946 (c.
947 3876 1087 3943 150-70),
1107 3892 1190 3944 quem
1202 3874 1319 3928 Asianis
1337 3875 1427 3944 Elaos,

205 3961 252 4014 aB
279 3964 314 4016 88
341 3965 481 4027 accenset,
509 3963 565 4016 huc
592 3962 755 4016 referendus
780 3963 831 4029 sit,
859 3981 941 4032 quem
968 3980 1032 4018 curn
1055 3961 1181 4035 φράσιώε
1203 3981 1256 4014 τινι
1277 3960 1428 4034 χαρακτῆρι

204 4045 285 4114 καινῷ
299 4047 464 4119 χρήσασθαι
486 4047 576 4101 tradit
601 4047 706 4102 Strabo
724 4047 845 4118 xmp.
865 4051 916 4104 009
935 4049 979 4114 (t,
1003 4052 1080 4103 certe
1099 4047 1238 4100 Asianum
1257 4063 1346 4115 genus
1365 4065 1427 4116 per·

205 4133 350 4201 vulgatum
369 4133 526 4187 exercuisse
545 4133 707 4202 negandum
726 4137 781 4201 est3
805 4135 881 4202 quod
900 4153 966 4188 vero
985 4131 1053 4207 ἀνὴρ
1072 4136 1157 4188 εἰπεῖν
1175 4130 1221 4186 obn
1240 4130 1323 4200 ἀηδής
1342 4133 1426 4200 (Plut.

204 4217 268 4272 Luc.
286 4219 333 4287 82)
351 4217 441 4282 audit,
460 4218 536 4272 idem
554 4217 706 4273 Carneadis
724 4220 907 4274 Atheniensis
931 4221 1007 4273 illius
1026 4219 1187 4288 philesophi
1206 4219 1372 4272 Academici
1398 4221 1428 4272 in

209 4303 326 4356 dicendo
345 4303 475 4357 acerrimi
495 4307 524 4357 et
543 4304 732 4372 copiosissimi
751 4305 820 4375 (Cic.
841 4306 876 4359 de
895 4322 936 4359 or.
954 4305 969 4358 1
988 4307 1034 4374 45)
1052 4305 1205 4373 discipulus
1223 4309 1284 4357 erat
1302 4322 1354 4358 nec
1374 4306 1428 4358 dis-

204 4389 303 4456 plicuit
326 4390 428 4442 Orasso
452 4390 538 4444 Asiae
562 4391 708 4458 quaestori
726 4390 774 4460 (ib.
795 4391 857 4459 110)
875 4391 1041 4446 Atticorum
1059 4391 1199 4455 studioso,
1224 4391 1345 4444 fortasse
1364 4391 1424 4447 iure

206 4471 278 4528 iuter
295 4476 462 4530 Atticorum
481 4475 642 4532 imitatores
660 4480 836 4530 numeretur.
