3362 5216
834 247 875 307 87

485 460 555 512 non·
572 447 724 530 clipeum,
755 447 825 528 sed,
849 453 887 514 ut
908 449 942 512 in
964 447 1136 532 proverbio
1159 452 1223 528 est,
1247 466 1361 530 scopas
1382 445 1462 510 mihi

483 548 634 614 videntur
655 548 839 616 dissolvere.
849 550 876 637 ¹)

282 647 350 714 Oic.
374 648 415 713 de
437 656 502 733 opt.
526 671 598 733 gen.
622 671 667 715 or.
693 656 727 715 5:
751 653 944 719 inventionis
968 653 1199 718 conlocationis
1216 651 1407 716 elocutionis
1423 656 1461 715 ut

482 753 703 819 aedificiorum
724 757 879 822 memoria
902 761 951 821 est
965 756 1059 840 quasi
1072 755 1329 834 fundamentum,
1352 752 1461 817 lumen

483 857 577 924 actio.
622 878 661 922 ea
688 858 788 941 igitur
817 860 926 924 omnia
952 859 986 923 in
1013 880 1077 944 quo
1106 863 1203 924 erunt
1232 878 1370 937 summa,
1400 857 1462 920 erit

481 951 733 1042 perfectissimus
759 967 885 1042 orator,
915 963 949 1026 in
973 982 1037 1048 quo
1059 962 1182 1041 media,
1213 959 1398 1038 mediocria,
1427 961 1461 1024 in

484 1081 548 1147 quo
576 1063 729 1145 minuma,
753 1065 947 1130 deterrimus
956 1075 967 1144 ;'
993 1064 1051 1129 sed
1074 1062 1328 1148 appellabuntur
1351 1082 1460 1126 omnes

479 1171 641 1247 craterae,
675 1173 713 1231 ut
740 1169 881 1251 pictores
911 1167 1120 1251 appellantur
1152 1166 1251 1230 etiam
1281 1164 1368 1244 mali,
1401 1185 1461 1228 nec

480 1268 652 1350 generibus
674 1270 760 1335 inter
782 1291 861 1351 sese,
886 1270 942 1335 sed
964 1268 1178 1334 facultatibus
1200 1266 1361 1332 differunt.

278 1366 375 1432 Dion.
399 1368 439 1434 de
460 1391 563 1455 comp.
587 1377 606 1436 2
632 1394 664 1455 p.
691 1377 729 1436 10
752 1373 809 1438 a:
849 1373 1053 1438 irroratione
1082 1373 1169 1436 idem
1197 1372 1340 1436 comitur
1362 1375 1460 1452 atque

476 1473 509 1536 in
539 1469 728 1562 οἰκοδομικῇ
753 1481 786 1540 et
812 1477 980 1562 τεκτονικῇ
1008 1480 1041 1539 et
1069 1475 1266 1561 ποικιλτικῇ.
1320 1467 1355 1537 αἱ
1386 1492 1457 1536 συν-

476 1575 609 1641 θετικαὶ
638 1575 787 1660 δυνάμεις
807 1579 848 1665 τῇ
869 1575 928 1660 μὲν
949 1575 1041 1658 τάξει
1064 1575 1210 1664 δεύτεραι
1230 1577 1295 1641 τῶν
1318 1573 1455 1640 ἐκλεκτι-

474 1681 541 1742 κῶν
562 1674 635 1760 είσι,
658 1683 700 1767 τῇ
721 1679 757 1745 δὲ
780 1677 911 1763 δυνάμει
934 1677 1136 1767 πρότεραιί)

276 1783 374 1850 Dion.
406 1782 447 1848 de
477 1803 580 1866 comp.
611 1787 631 1847 6
660 1806 691 1867 p.
721 1787 779 1848 40:
818 1784 989 1849 architecti
1023 1785 1143 1864 instar,
1175 1783 1231 1866 qui
1257 1775 1330 1868 τρία
1356 1781 1461 1845 ταῦτα

478 1883 748 1972 πραγματεύεται,
775 1882 863 1972 ποίῳ
880 1885 929 1951 δεῖ
945 1882 1031 1972 λίθῳ
1047 1883 1150 1951 τεκαὶ
1162 1882 1246 1971 ξύλα)
1260 1882 1316 1948 καί
1328 1879 1460 1970 πλίνθῳ

479 1991 576 2053 ποῖον
603 1983 743 2076 ἁρμόσαι
765 1985 860 2054 λίθον
882 2011 917 2054 τε
938 1983 958 2077 ἢ
982 1986 1077 2068 ξύλον
1098 1982 1118 2076 ἢ
1140 1983 1297 2052 πλίνθον·
1332 1981 1458 2066 ἔπειτα,

479 2093 553 2166 πῶς
597 2095 662 2157 τῶν
709 2088 934 2179 ἁρμοζομένων
981 2086 1117 2157 ’ἕκαστον
1161 2089 1220 2155 καί
1259 2086 1319 2154 ἐπί
1360 2085 1460 2165 ποίας

479 2195 619 2280 πλευράς
640 2190 789 2284 ἓδρᾶσαι·
821 2193 879 2260 καί
910 2190 1027 2282 τρίτον,
1062 2188 1096 2258 εἴ
1118 2216 1152 2258 τι
1180 2189 1332 2279 δύσεδρόν
1361 2189 1458 2274 ἐστιν,

479 2291 683 2384 ἀποκροῦσαι
716 2297 773 2364 καί
806 2295 989 2383 περικόψαι
1020 2295 1078 2362 καί
1106 2291 1185 2362 αὐτὸ
1214 2299 1311 2361 τοῦτο
1333 2291 1460 2383 εύεδρον

481 2403 629 2488 ποιῆσαι,
654 2403 751 2466 etiam
773 2402 902 2468 dicendi
925 2402 1090 2467 studiosus
1107 2400 1373 2485 compositionem
1388 2419 1457 2463 ver-

479 2503 596 2568 borum
618 2504 762 2590 diseat.⁸)

278 2605 376 2680 Dion.
399 2606 439 2672 de
463 2628 564 2691 comp.
590 2612 629 2672 10
651 2631 682 2692 p.
706 2612 746 2672 52
769 2629 835 2692 sq.:
859 2604 915 2672 καὶ
938 2602 1051 2694 ἡδονὴν
1067 2602 1124 2670 καί
1141 2601 1179 2669 τὸ
1197 2602 1296 2670 καλὸν
1315 2601 1461 2690 ἐπιζητεῖ

479 2705 499 2797 ἡ
521 2705 602 2798 άκοίγ
630 2711 679 2796 (in
702 2713 864 2798 oratione)
887 2706 999 2793 δμοιόν
1020 2732 1054 2773 τι
1077 2705 1250 2788 πάσχουσα
1271 2710 1312 2794 τῇ
1334 2701 1453 2793 δράσει·

478 2810 535 2878 καί
558 2811 618 2900 γάρ
640 2809 742 2901 ἐκείνη
759 2812 939 2898 πλάσματα
955 2810 1012 2878 καί
1034 2808 1160 2898 γραφὰς
1182 2808 1239 2875 καί
1259 2807 1383 2896 γλυφὰς
1401 2806 1458 2873 καί

481 2913 544 2981 ὅσα
572 2914 831 3006 δημιουργήματα
859 2919 971 3002 χειρῶν
993 2909 1211 3002 ἀνθρωπίνων
1234 2909 1352 3000 ὁρῶσα,
1377 2909 1456 2977 δταν

325 3275 346 3342 ¹)
365 3275 398 3328 cf.
417 3274 500 3328 Dion.
521 3275 558 3329 H.
571 3275 606 3330 de
619 3293 708 3346 comp.
722 3277 747 3330 4.
779 3275 1002 3329 Demosthenem
1020 3273 1141 3328 Phidiae
1160 3272 1460 3342 comperandumesse,

238 3378 301 3414 cum
319 3361 364 3414 vel
383 3361 418 3415 ad
436 3361 552 3415 minima
571 3361 747 3428 attendisset,
771 3363 850 3416 cuius
873 3361 947 3435 λόγοι
966 3357 996 3414 ού
1014 3366 1156 3432 γραπτοῖς,
1180 3356 1247 3413 ἀλλὰ
1270 3358 1395 3433 γλυπτοῖς
1417 3366 1462 3412 καὶ

239 3453 372 3518 τορευτοῖς
382 3448 487 3500 similes
499 3451 601 3512 essent,
612 3449 823 3501 accuratissime
834 3448 993 3502 observavit
1002 3447 1085 3501 Dion.
1101 3447 1136 3499 de
1148 3463 1238 3514 comp.
1251 3447 1284 3498 25
1294 3462 1320 3515 p.
1330 3447 1461 3514 207sqq.:

237 3531 321 3589 οἱίτως
338 3529 434 3590 ἅθλιος
451 3521 497 3600 ἦν,
516 3531 604 3598 ὥσθ’,
623 3531 692 3588 ὅταν
709 3534 800 3608 γράφῃ
817 3536 879 3591 τοὺς
897 3533 1001 3607 λόγους,
1019 3535 1105 3604 μίτρα
1123 3539 1167 3585 καὶ
1184 3531 1312 3606 ῥυθμοὺς,
1332 3529 1425 3602 ὥσπερ
1436 3531 1463 3584 οἱ

237 3619 370 3684 πλάσται,
396 3621 616 3690 παρατιθέμενος
638 3621 814 3694 ἐναρμόττειν
840 3619 970 3693 ίπειρῖιτο
991 3619 1098 3676 τούτοις
1126 3625 1183 3676 τοῖς
1205 3619 1299 3675 τόποις
1320 3616 1356 3672 τὰ
1380 3615 1461 3683 κῶλα,

239 3710 365 3776 στρέφων
383 3701 440 3760 ἅνω
458 3712 503 3758 καί
521 3705 596 3760 κάτω
614 3706 649 3760 τὰ
669 3703 791 3776 δνόματα
809 3723 867 3774 sqq.
890 3707 940 3775 (ib.
963 3723 990 3774 p.
1020 3707 1083 3772 2083
1107 3706 1141 3759 de
1165 3706 1238 3759 adm.
1261 3705 1290 3758 vi
1309 3705 1361 3758 dic.
1380 3703 1460 3756 Dem.

237 3809 268 3859 p.
281 3793 348 3844 1112
367 3815 397 3837 =
418 3790 585 3858 Quinam
603 3794 628 3858 9,
649 3794 705 3860 16);
723 3811 750 3862 p.
769 3793 833 3844 209:
860 3792 928 3846 πολύ
947 3813 976 3846 τε
996 3791 1049 3866 γὰρ
1070 3789 1172 3862 μᾶλλον
1195 3796 1253 3861 ἐμοὶ
1272 3789 1346 3845 δοκεῖ
1361 3789 1461 3863 προσὴ·

237 3899 293 3930 κειν
311 3873 390 3950 ἀνδρί
408 3877 636 3942 κατασκευάζοντι
654 3877 746 3952 λόγους
763 3877 913 3936 πολιτικοὺς
932 3877 1168 3944 (Demosthenem
1193 3878 1270 3944 dicit,
1290 3877 1325 3931 cf.
1340 3877 1375 3930 de
1387 3877 1461 3932 adm.

238 3963 266 4014 vi
283 3980 309 4031 p.
330 3965 409 4030 1114)
427 3971 543 4034 μνημεῖα
560 3963 607 4031 τῆς
622 3963 717 4018 ἑαυτοῦ
737 3963 874 4034 δυνάμεως
898 3965 994 4018 αίαίνια
1017 3963 1130 4034 μηδενὸς
1152 3963 1210 4018 τῶν
1235 3963 1389 4032 ἐλαχίστων
1410 3961 1461 4018 δλι-

239 4056 336 4122 γωρεῖν
353 4047 370 4116 ἢ
389 4051 540 4123 ζωγράφων
563 4057 655 4106 τεκαὶ
678 4048 814 4123 τορευτῶν
835 4058 931 4104 παισίν
950 4055 979 4104 ἐν
997 4049 1045 4125 lily
1068 4048 1181 4123 φθαρτῇ
1197 4049 1304 4123 χειρῶν
1322 4047 1462 4119 εύστοχίας

237 4141 282 4188 καὶ
300 4135 398 4193 πόνους
415 4133 646 4208 δποδεικνυμένοις
665 4143 726 4209 περὶ
744 4137 778 4191 τὰ
798 4137 885 4208 φλέβα
903 4143 947 4191 καί
965 4137 1000 4191 τὰ
1019 4138 1101 4192 πτίλα
1119 4143 1163 4190 καί
1182 4136 1231 4192 τὸν
1246 4135 1331 4206 χνοῖιν
1349 4144 1393 4190 καί
1411 4137 1461 4192 τὰς

239 4221 365 4278 τοιαύτας
383 4222 550 4297 μικρολογίας
568 4231 742 4297 κατατρίβειν
759 4223 805 4292 τῆς
823 4229 917 4294 τέχνης
938 4223 988 4292 τὴν
1006 4220 1155 4294 ἀκρίβειαν.

326 4306 349 4374 ²)
368 4309 402 4361 cf.
423 4307 518 4376 Quint.
538 4309 597 4363 VII
615 4327 739 4379 prooem.
759 4312 782 4364 l.

326 4392 350 4463 8)
370 4394 405 4448 cf.
427 4394 563 4466 Hermog.
584 4415 613 4451 π.
633 4395 667 4451 ίδ.
690 4397 723 4451 Π
746 4399 797 4450 270
822 4395 882 4466 Sp.;
909 4391 1005 4462 Quint.
1031 4395 1105 4450 VlII
1122 4399 1146 4462 6,
1172 4397 1206 4448 62
1231 4411 1283 4462 sq.;
1306 4393 1351 4448 Ps.
1370 4393 1461 4462 Long.

238 4496 267 4532 π.
287 4475 334 4550 ύφ.
354 4481 388 4534 39
405 4497 432 4549 p.
456 4483 497 4535 62.
