3362 5216
689 271 891 368 *a*

177 470 349 536 Laertium
377 472 584 554 reperiantur
612 472 734 559 (Maass
764 495 795 557 p.
823 472 891 558 47),
925 474 1076 556 magnam
1109 478 1237 556 partem
1270 471 1401 540 fluxisse

177 594 319 656 pronum
342 580 392 639 est
413 576 569 657 conicere,
593 597 666 640 oum
689 581 793 642 exstet
807 575 968 642 Demetrii
990 576 1117 640 nomine
1139 576 1357 660 fragmentum
1381 599 1401 642 a

180 676 279 759 Diog.
303 677 384 741 138
407 684 570 743 servatum
603 678 677 764 (frg.
707 701 738 761 p.
762 684 802 744 sl
827 678 930 764 son),
960 677 1016 743 ubi
1037 679 1122 743 iuter
1145 679 1300 744 Thaletos
1328 701 1401 764 pro·

179 778 284 843 fertur
312 777 415 867 ῥητωρ
449 778 674 856 Καλλατιανὸς
706 779 880 870 κακόζηλος
913 783 1038 867 (Maass
1071 803 1102 864 p.
1134 787 1174 846 27
1205 780 1279 866 sq).
1329 804 1401 847 oum

180 881 368 947 Demetrius
391 882 430 948 de
452 883 620 949 Dinarcho
644 905 813 953 censuram
836 905 934 968 agens
955 878 1099 966 ὀνόματα
1118 881 1211 950 κοινὰ
1232 881 1289 950 καὶ
1312 907 1400 971 περι-

176 980 331 1069 τρέχοντα
348 983 532 1053 ἐσπούδασε
543 986 656 1071 (Dion.
674 987 714 1052 de
729 987 806 1052 Din.
822 992 849 1050 1.
867 991 930 1070 lp.
947 991 1007 1051 631
1025 987 1122 1072 sqq),
1134 987 1239 1052 elucet
1250 988 1401 1054 iamanto

178 1111 251 1155 eum
264 1089 376 1156 eadem
386 1090 426 1155 de
438 1089 606 1154 Dinarcho
620 1089 740 1154 iudicia
751 1090 945 1156 innotuisse:
975 1090 1114 1172 quicum
1126 1089 1295 1155 Asiaticus
1305 1095 1399 1170 esset,

176 1193 297 1257 iudicia
331 1192 388 1257 illa
424 1198 456 1256 et
486 1193 557 1275 ipsa
584 1191 625 1256 ab
655 1190 812 1258 Asiaticis
842 1194 1028 1259 auctoribus
1057 1191 1204 1275 profecta
1234 1213 1304 1259 esse
1335 1215 1400 1258 non

176 1296 400 1378 improbabilis
416 1294 544 1360 videtur
559 1293 709 1376 suspicio.
755 1294 795 1360 do
810 1295 1085 1379 Pergamenorum
1100 1316 1176 1359 vero
1192 1295 1268 1360 crisi
1283 1296 1400 1361 eximia

175 1397 215 1462 iis
237 1397 316 1480 ipsis
338 1397 539 1480 temporibus
562 1419 764 1481 summopere
787 1400 916 1464 exculta
937 1421 1011 1464 mox
1032 1397 1223 1464 videbimus.

265 1499 377 1583 Atque
393 1500 474 1566 haec
489 1501 621 1584 quidem
636 1501 676 1565 de
692 1500 889 1566 Asianorum
906 1501 981 1565 crisi
999 1502 1033 1565 in
1048 1502 1249 1566 universum:
1274 1500 1401 1566 accedit

175 1604 240 1667 alia
257 1624 385 1686 quoque
398 1624 503 1684 causa,
523 1604 628 1668 curin
644 1603 727 1668 Asia
742 1605 946 1686 potissimum
962 1625 1116 1669 canonem
1133 1603 1315 1669 confectum
1331 1625 1400 1669 esse

175 1705 330 1789 suspicer.
355 1709 411 1789 qui
433 1708 555 1790 primus
578 1707 664 1771 inter
686 1712 831 1773 oratores
846 1712 995 1790 receptus
1012 1713 1070 1786 est,
1088 1707 1259 1789 Antiphon
1274 1707 1398 1791 primus

174 1809 317 1873 omnium
339 1810 501 1874 orationes
523 1809 690 1876 iudiciales
706 1811 835 1894 scripsit
849 1805 974 1897 εὑρετὴς
991 1808 1047 1874 καὶ
1066 1803 1200 1896 ἀρχηγὸς
1217 1811 1275 1873 τοῦ
1292 1805 1399 1874 τύπου

173 1914 231 1975 τοῦ
253 1912 426 1976 πολιτικοῦ
447 1912 616 1996 (Hermog.
640 1937 679 1978 ιι.
697 1907 740 1978 id.
763 1912 886 1978 11415
910 1912 981 1996 Sp.;
1000 1911 1111 1996 Quint.
1133 1913 1192 1978 HI
1216 1917 1243 1994 1,
1270 1916 1325 1989 11;
1342 1912 1399 1976 Ps.

173 2014 263 2079 Plut.
294 2035 322 2077 v.
352 2014 433 2079 Ant.
462 2038 493 2099 p.
524 2014 636 2101 308⁰).
694 2014 824 2095 eadem,
860 2016 993 2098 opinor,
1028 2014 1112 2078 ratio
1139 2016 1240 2078 totius
1266 2015 1398 2080 canonis

174 2118 398 2199 compositioni
432 2116 579 2182 subiecta
614 2123 694 2182 erat.
742 2139 781 2181 ao
810 2139 923 2182 revera
950 2117 1010 2182 soli
1038 2113 1165 2204 ῥήτορες
1194 2115 1361 2181 πολιτικοὶ
1371 2118 1398 2203 ¹)

174 2219 208 2282 in
229 2241 399 2284 numerum
421 2226 597 2299 venerunt,
620 2241 725 2302 neque
754 2221 940 2303 quisquam,
965 2220 1021 2304 qui
1044 2220 1130 2283 solas
1153 2215 1327 2299 ἐπιδείξεις
1348 2220 1398 2284 vel

174 2319 366 2408 δημηγορίας
387 2324 578 2405 composuit,
604 2323 720 2386 canoni
742 2324 798 2404 qui
814 2324 1039 2403 ascriberetur,
1063 2320 1179 2404 dignus
1195 2321 1396 2386 censebatur.

175 2422 317 2506 Gorgias
337 2425 468 2507 quidem
488 2425 749 2507 Thrasymachus
772 2425 901 2507 Zoilus,
929 2426 987 2509 qui
1008 2425 1095 2489 solas
1117 2424 1397 2504 demonstrativas,

173 2533 260 2592 certe
282 2527 389 2592 nullae
411 2526 581 2592 iudiciales
603 2534 850 2611 composuerant
873 2529 1046 2608 orationes,
1071 2548 1110 2591 ex
1132 2547 1254 2591 canone
1277 2525 1398 2590 exclusi

172 2634 258 2709 sunt,
282 2635 317 2693 at
331 2630 492 2696 Isocrates
512 2636 562 2694 est
582 2635 740 2714 receptus,
764 2630 852 2713 quod
867 2632 993 2714 generis
1008 2629 1253 2694 demonstrativi
1267 2635 1398 2711 praeter

172 2736 297 2797 ceteros
311 2734 461 2816 princeps
472 2733 558 2798 idem
574 2733 740 2798 iudiciales
756 2733 889 2816 reliquit
904 2734 1066 2798 orationes
1089 2731 1202 2818 (Dion.
1218 2737 1297 2796 vett.
1312 2753 1397 2796 cens.

170 2834 1397 2920 p.432sq.).AlcidamasPolycratesAntisthenesl‘heodorusAnaximenes,

171 2957 252 3018 quos
284 2943 428 3004 oratores
457 2941 586 3022 saepius
617 2940 733 3003 citatos
755 2938 913 3017 invenies,
937 2939 1052 3003 canoni
1074 2959 1138 3001 non
1160 2943 1237 3002 sunt
1259 2937 1395 3016 accensi,

170 3037 258 3120 qnod
281 3038 452 3122 epidictico
474 3041 601 3106 dicendi
623 3060 739 3123 genere
761 3061 870 3105 omnes
893 3040 987 3104 nimis
1009 3045 1086 3104 sunt
1108 3039 1281 3120 oblectati,
1305 3039 1395 3104 Alci-

170 3140 284 3206 damas
307 3143 440 3225 insuper
458 3141 650 3225 Polycrates
674 3143 866 3208 Theodorus
887 3142 1055 3207 rhetorum
1078 3141 1184 3206 ordini
1206 3141 1396 3206 adnumera·

169 3245 290 3309 bantur
317 3243 446 3330 (Quint.
468 3245 527 3310 HI
551 3250 580 3327 l,
611 3247 759 3332 8-11),
788 3246 1002 3311 Antisthenes
1030 3245 1064 3308 iu
1091 3265 1225 3310 numero
1255 3243 1396 3310 Socrati-

170 3367 283 3410 corum
305 3346 488 3421 habebatur
509 3348 622 3432 (Diog.
639 3348 677 3412 L.
694 3349 733 3413 H
749 3353 778 3428 5,
793 3352 859 3430 47),
882 3348 1104 3413 Anaximenes
1119 3349 1205 3412 inter
1221 3346 1393 3412 historicos
1410 3329 1419 3342 ⁸

170 3469 264 3513 suum
281 3449 450 3516 obtinebat
464 3450 570 3514 locum
586 3450 668 3533 (tab.
685 3450 781 3516 Bodl.
798 3456 831 3516 et
845 3450 970 3536 Colat).
1000 3450 1188 3516 Demetrius
1203 3449 1393 3527 Phalereus,

168 3556 206 3615 ut
228 3572 329 3616 unum
351 3551 537 3634 adiungam,
560 3572 664 3634 usque
687 3550 730 3616 ad
753 3573 849 3634 quem
864 3553 1019 3618 terminos
1041 3553 1239 3636 promoverit
1260 3553 1393 3616 canonis

169 3659 297 3734 auctor,
331 3654 444 3720 eadem
476 3675 605 3736 qnoque
635 3652 675 3718 de
701 3675 799 3718 causa
827 3655 861 3719 in
890 3676 1059 3722 numerum
1085 3675 1150 3718 non
1180 3660 1230 3719 est
1258 3654 1392 3732 relatus,

169 3754 255 3838 quod
305 3755 373 3820 eius
422 3756 597 3822 versicolor
645 3757 703 3821 illa
751 3757 850 3822 vestis
893 3778 959 3823 non
998 3756 1081 3822 bene
1131 3755 1175 3820 ad
1227 3756 1388 3821 forensem

259 4061 280 4130 ¹)
300 4061 318 4114 i.
345 4077 367 4114 e.
392 4061 422 4113 in
447 4060 509 4114 foro
533 4063 679 4130 causisque
697 4063 825 4116 civilibus
848 4063 965 4127 versati,
988 4081 1046 4116 non
1069 4062 1255 4131 sophisticum
1273 4063 1343 4115 illud
1362 4067 1392 4116 et

169 4147 367 4200 scholasticum
395 4164 484 4211 penus
513 4147 626 4202 dicendi
654 4149 791 4216 amplexi,
816 4148 850 4201 cf.
875 4165 900 4204 v.
924 4166 950 4217 g.
973 4147 1029 4202 Cic.
1053 4165 1093 4201 or.
1117 4149 1151 4200 28
1174 4164 1235 4216 sqq.
1264 4149 1390 4200 37-42.

169 4233 293 4298 61-6s;
316 4232 350 4285 de
372 4249 412 4284 or.
435 4231 467 4286 II
491 4235 537 4287 94:
560 4235 606 4300 ,ei,
630 4236 677 4301 qui
701 4239 737 4286 se'
758 4235 793 4288 ad
818 4250 913 4287 causas
937 4234 1132 4298 contulerunt,
1156 4238 1188 4285 ut
1210 4233 1290 4287 Deru.
1315 4233 1391 4303 Hyp.

169 4317 236 4385 Lyc.
255 4318 360 4372 Aesch.
380 4318 443 4370 llin.
463 4318 567 4386 aliique
586 4321 751 4388 complures,
770 4321 823 4372 etsi
842 4321 917 4374 inter
936 4336 964 4372 se
984 4336 1065 4388 pares
1084 4336 1141 4371 non
1159 4319 1281 4385 fuerunt,
1296 4324 1390 4374 tamen

171 4420 266 4456 omnes
290 4407 358 4455 sunt
386 4403 414 4456 in
437 4403 536 4456 eodem
560 4405 690 4468 veritatis
717 4404 871 4459 imitandae
892 4421 999 4474 genere
1027 4404 1153 4470 versati‘;
1183 4405 1218 4458 cf.
1245 4406 1330 4459 Dion.
1352 4406 1388 4460 ds
1438 4435 1444 4445 ·

171 4489 243 4543 adm.
264 4489 293 4542 vi
311 4487 364 4541 dic.
382 4487 462 4542 Dem.
482 4491 515 4543 18
533 4505 559 4557 p.
581 4491 655 4542 100⁷.
