3362 5216
880 247 924 308 44

294 451 459 537 pulverem
471 447 547 514 fecit
558 468 730 532 rerumque
751 449 940 532 scriptorem
955 451 1058 533 magis
1071 447 1179 514 decuit
1195 447 1321 534 (Quint.
1345 448 1384 514 X
1397 454 1426 530 1,
1451 451 1515 535 33),

293 556 444 638 idemque
467 554 652 618 criticorum
672 552 790 618 iudicio
813 554 991 619 orationem
1012 553 1160 618 Atticam
1181 551 1314 617 inflexit.
1360 552 1418 618 sed
1439 554 1516 635 quid

294 658 370 724 inde
390 658 565 735 lucramur,
588 655 676 736 quod
695 659 841 722 oratores
856 657 985 722 Atticos
1005 657 1040 720 in
1063 675 1219 720 canonem
1240 655 1362 719 relatos
1385 676 1515 722 omnes

295 759 455 825 iudicialis
478 759 604 842 generis
626 757 725 822 fuisse
748 758 911 824 studiosos
936 755 1184 843 perspeximus?
1229 758 1396 840 attigimus
1419 781 1517 842 supra

297 862 484 929 Cleocharis
510 861 672 945 Myrleani
699 859 870 944 iudicium,
899 884 963 945 quo
991 861 1208 927 Demostheni
1234 861 1359 943 priores
1384 861 1516 942 detulit,

295 967 349 1030 hic
367 965 541 1030 subicimus
561 965 674 1028 verba:
710 958 740 1028 oi
762 962 821 1046 μὲν
837 964 1068 1052 Δημοσθένους
1089 961 1179 1049 λόγοι
1201 967 1269 1038 τοῖς
1286 967 1351 1028 τῶν
1365 987 1516 1051 orporea-

295 1070 360 1131 τῶν
381 1063 507 1132 ἐοίκασι
527 1063 670 1148 μάλιστα
686 1063 842 1148 σώμασιν,
862 1062 892 1132 oi
916 1066 951 1132 δὲ
965 1062 1167 1154 Ἰσοκράτους
1182 1069 1251 1141 τοῖς
1268 1068 1333 1130 τῶν
1351 1061 1515 1154 ἆθληιῶν;

295 1171 383 1234 vides
405 1170 568 1234 rhetorem
590 1168 751 1234 Asianum
774 1170 1025 1237 demonstrativo
1048 1193 1149 1254 genus
1170 1170 1299 1236 forense
1315 1172 1516 1254 praetulisse,

296 1271 383 1354 quod
412 1292 513 1354 genus
542 1273 574 1335 in
600 1272 685 1336 Asia
711 1273 745 1336 in
773 1273 885 1356 primis
913 1275 1075 1339 excultum
1104 1294 1174 1338 esse
1202 1272 1320 1338 docent
1342 1274 1443 1340 etiam
1464 1274 1517 1338 alii

295 1376 452 1454 rhetores,
474 1375 531 1457 qui
551 1373 618 1438 fere
641 1377 681 1440 de
703 1397 768 1440 uno
790 1376 933 1442 iudiciali
955 1397 1072 1459 genere
1093 1381 1268 1458 praecepta
1296 1376 1515 1456 tradiderunt;

298 1477 424 1543 omissis
446 1479 560 1542 ceteris
583 1498 683 1542 unum
705 1477 817 1544 adfero
838 1480 1066 1562 Hermagorae
1089 1479 1284 1562 exemplum,
1315 1500 1412 1561 quem
1435 1501 1516 1562 ,cum

297 1601 425 1644 omnem
445 1580 589 1644 animum
611 1579 653 1643 ad
675 1601 776 1662 genus
798 1582 949 1646 iudiciale
973 1581 1171 1661 adverteret,
1201 1587 1233 1646 et
1256 1581 1463 1647 deliberativi
1484 1589 1515 1647 et

296 1682 543 1747 demonstrativi
571 1701 674 1764 paene
701 1703 771 1748 esse
799 1683 935 1748 oblitum
963 1683 1193 1762 concedamus;
1221 1685 1309 1766 quod
1331 1705 1368 1749 eo
1390 1683 1515 1750 facilius

294 1783 365 1848 fieri
385 1789 523 1866 poterat,
547 1806 611 1866 quo
634 1785 737 1868 magis
759 1790 830 1850 tota
852 1786 1120 1852 constitutionum
1143 1792 1175 1850 et
1197 1787 1425 1868 quaestionum
1446 1787 1517 1851 doe·

294 1889 381 1952 trina
408 1887 451 1951 ad
480 1886 599 1962 iudicia
625 1888 732 1970 potius
760 1894 793 1953 et
820 1889 1064 1954 iurisconsultus
1087 1890 1120 1953 in
1143 1890 1312 1954 criminum
1325 1891 1516 1955 ¹intentione

296 1995 354 2054 aut
382 1990 571 2073 depulsione
600 1996 782 2070 versantes,
806 2013 905 2073 quam
926 1990 970 2056 ad
992 1992 1243 2057 deliberationes
1266 1999 1298 2056 et
1321 1992 1516 2058 demonstra-

294 2093 399 2157 tiones
416 2093 651 2178 'pertineret‘.¹)
685 2093 718 2156 in
733 2093 851 2158 Asiam
873 2094 972 2176 igitur
988 2094 1086 2158 etiam
1101 2095 1163 2160 hac
1179 2094 1514 2190 observationeffidedu·

296 2197 411 2275 cimur3
435 2217 512 2260 num
534 2193 647 2259 eodem
670 2195 739 2260 iure
754 2196 917 2277 Rhodum,
940 2197 974 2259 in
997 2202 1090 2261 tanta
1103 2197 1360 2262 testimoniorum
1383 2199 1516 2281 penuria

295 2313 361 2364 non
380 2299 485 2364 ausim
507 2297 712 2378 confirmare,
742 2320 940 2382 quamquam
961 2299 1050 2378 inde,
1080 2300 1167 2381 quod
1190 2299 1313 2364 Rhodii
1333 2300 1515 2385 frequentes

298 2406 393 2465 erant
425 2401 458 2464 in
489 2400 669 2465 imitatione
699 2401 896 2484 Hyperidis,
928 2401 1017 2466 Molo
1050 2402 1085 2466 in
1118 2403 1202 2467 veris
1236 2403 1341 2468 causis
1375 2425 1516 2468 summus

296 2509 388 2566 actor
410 2504 635 2586 appellatura
658 2502 815 2570 Cicerone
837 2503 946 2587 (Brut.
971 2509 1043 2568 307.
1066 2506 1154 2591 316),
1177 2505 1263 2570 idem
1279 2505 1441 2588 conligere
1456 2528 1517 2571 non

296 2605 424 2669 videtur
443 2605 603 2670 absonum
626 2626 705 2670 esse.

382 2708 445 2772 Est
472 2708 554 2774 illud
580 2708 712 2790 quidem
738 2728 848 2790 grave:
890 2709 1114 2790 gravissimum
1140 2730 1232 2790 vero,
1263 2710 1351 2793 quod
1373 2732 1458 2776 nuuc
1480 2733 1517 2775 ex

297 2811 429 2876 canonis
452 2812 623 2895 compositi
644 2811 769 2874 ratione
798 2831 920 2894 cogam.
972 2811 1163 2877 Theodorus
1197 2815 1283 2878 enim
1311 2813 1423 2897 Bergk
1448 2814 1517 2878 loco

297 2913 439 2997 quodam
466 2915 621 2980 historiae
650 2915 831 2979 litterarum
860 2912 1061 2980 Graecarum
1089 2916 1227 2998 ingenue
1255 2916 1426 2998 profitetur
1455 2937 1518 2980 non

296 3017 433 3098 liquere,
478 3040 535 3082 cur
570 3017 617 3081 illi
647 3017 710 3099 ipsi
746 3017 858 3081 decem
893 3024 1037 3083 oratores
1073 3019 1108 3081 in
1145 3039 1301 3100 canonem
1342 3019 1406 3083 sint
1446 3039 1518 3083 con-

296 3119 444 3205 iuncti.²)
488 3126 587 3203 atque
614 3120 759 3202 profecto
786 3121 868 3184 mira
898 3126 948 3185 est
970 3121 1102 3184 canonis
1126 3121 1331 3203 compositio,
1355 3121 1446 3186 cuius
1468 3143 1518 3186 ex·

297 3221 468 3304 plicandae
491 3222 699 3287 difficultates
730 3223 787 3303 qui
814 3222 861 3286 ita
887 3223 1075 3303 removerit,
1104 3229 1141 3286 ut
1168 3222 1392 3289 difficillimum
1422 3223 1519 3288 fuisse

298 3327 386 3390 dicat
415 3349 454 3390 ex
480 3326 604 3391 Atticis
632 3325 766 3390 idoneos
794 3325 837 3389 ad
858 3317 1051 3390 imitandum
1081 3331 1226 3391 oratores
1250 3327 1383 3410 eligere,
1407 3347 1520 3409 parum

299 3429 471 3512 diligenter
497 3450 565 3494 rem
590 3434 684 3511 agat,
714 3427 884 3514 manifesto
909 3428 1150 3511 compositionis
1184 3429 1326 3494 rationes
1351 3429 1521 3493 interiores

194 3539 196 3543 '
298 3531 555 3615 perscrutandae
584 3536 668 3595 sunt.
713 3531 865 3612 quoniam
899 3552 964 3594 uon
991 3552 1106 3612 unum,
1141 3532 1198 3598 sed
1227 3532 1346 3596 multos
1377 3537 1520 3596 oratores

298 3636 431 3700 canonis
464 3640 578 3699 auctor
615 3632 785 3717 proposuit
820 3633 1006 3712 imitandoS,
1044 3634 1180 3698 eandem
1215 3634 1343 3698 videtur
1375 3655 1521 3700 normam

298 3743 428 3802 secutus
461 3759 545 3816 esse,
575 3758 673 3820 quam
700 3736 911 3818 praescripsit
932 3733 1152 3818 Quintilianus
1173 3737 1211 3800 X
1234 3741 1270 3817 2,
1294 3739 1349 3816 24,
1373 3757 1470 3818 quem
1491 3742 1522 3802 et

297 3841 405 3924 ipsum
428 3839 582 3904 decadem
604 3839 730 3904 novisse
753 3839 869 3903 scimus
892 3839 944 3923 (X
969 3843 996 3920 1,
1022 3838 1090 3923 76):
1136 3839 1241 3921 ,longe
1269 3838 1521 3922 perfectissimus

301 4014 503 4022 ——-—-—-

389 4130 408 4198 ²)
427 4128 545 4193 Piderit,
565 4129 600 4182 de
618 4128 752 4197 Hermag.
772 4129 844 4183 rhet.
862 4146 889 4197 p.
909 4129 954 4195 31;
973 4129 1007 4182 cf.
1027 4146 1054 4197 p.
1072 4129 1107 4180 44
1125 4143 1165 4196 sq.

389 4214 409 4274 ²l
429 4214 508 4269 GLG
525 4214 540 4268 I
559 4216 610 4269 288
632 4232 685 4283 sq.;
713 4231 808 4267 causas
828 4215 1089 4282 circumspexerunt
1107 4213 1254 4282 Kiessling
1278 4213 1314 4265 ad
1332 4212 1439 4281 Hyper.
1467 4213 1484 4265 l.
1503 4213 1519 4266 l.

298 4319 324 4368 p.
346 4302 394 4354 138
413 4317 486 4370 sqq,
504 4301 601 4366 llleier,
620 4300 729 4354 Andoc.
747 4301 786 4354 IV
811 4302 842 4353 15
860 4319 901 4368 sq.
920 4297 978 4370 (ΙΙΙ
999 4302 1056 4369 15),
1075 4300 1157 4353 Blass
1176 4298 1366 4367 compluribus
1391 4299 1460 4353 locis
1479 4300 1518 4352 hi·

233 4415 238 4424 ·
300 4387 408 4439 sturiae
427 4387 606 4455 eloquentiae
623 4387 747 4440 Atticae.
782 4387 810 4438 in
829 4389 928 4455 primis
946 4387 1109 4453 conferendi
1128 4387 1193 4440 sunt
1214 4385 1294 4437 llion.
1315 4388 1383 4438 vett.
1403 4403 1476 4439 cens.
1494 4389 1522 4440 et

297 4471 433 4544 Hermog.
451 4493 480 4526 π.
500 4471 535 4526 tt.
553 4473 585 4530 ΙΙ
603 4473 655 4526 398
673 4489 733 4541 sqq.
