3362 5216
766 261 807 328 47

264 465 374 552 Quid?
430 466 518 548 quod
554 469 588 533 in
621 468 737 534 Asiam
771 469 840 552 ipse
875 487 1026 534 numerus
1058 466 1214 532 denarius
1253 488 1311 532 nos
1343 465 1397 531 ab·

175 570 286 654 legat?
330 593 406 636 nam
426 571 514 653 quod
536 571 647 636 decem
663 572 865 656 potissimum
887 577 1031 637 oratores
1053 571 1086 634 in
1108 591 1265 634 canonem
1279 570 1401 652 recepti

175 679 267 753 sunt,
295 695 372 738 casu
395 676 538 740 evenisse
559 674 689 738 minime
711 681 761 738 est
782 674 960 756 probabile,
983 693 1088 756 neque
1111 672 1319 736 crediderunt
1341 672 1401 735 viri

176 776 272 857 docti,
298 777 355 858 qui
377 797 492 842 causas
508 776 714 860 rationesque
730 777 855 841 numeri
870 775 995 840 denarii
1010 776 1255 856 investigarunt.
1301 777 1400 854 atque

176 879 298 943 Rankii
315 879 445 961 quidem
460 880 664 959 sententiam,
681 900 778 962 quam
794 900 894 962 supra
909 901 939 962 p.
954 883 971 942 7
988 877 1095 956 attuli,
1116 875 1277 958 improbat
1288 875 1401 954 Meier,

176 980 292 1044 Meieri
315 980 458 1064 (Andoc.
482 981 534 1048 IV
557 1002 587 1063 p.
612 984 653 1044 14
675 981 748 1067 sq),
773 982 829 1065 qui
851 987 903 1045 ter
924 988 1034 1046 ternos
1057 985 1202 1043 oratores
1223 976 1401 1042 secuudum

176 1083 241 1148 tria
277 1081 406 1148 dicendi
443 1103 562 1165 genera
595 1082 783 1163 adornatos,
820 1083 1025 1148 Andocidem
1061 1084 1193 1165 propter
1223 1080 1402 1143 orationem

177 1185 257 1248 artis
290 1191 454 1268 expertem
476 1185 664 1250 adiunctum
687 1207 755 1250 esse
778 1185 839 1250 sibi
861 1187 1037 1268 persuasit,
1067 1184 1251 1267 opinionem
1272 1181 1402 1246 minime

177 1287 381 1370 probabilem
412 1288 481 1353 iure
516 1289 689 1372 impugnat
718 1287 929 1354 Burckhardt
951 1287 1086 1374 (ancil.
1110 1286 1172 1369 frg.
1193 1307 1224 1368 p.
1251 1285 1321 1368 ll),
1346 1284 1401 1364 qui

179 1387 360 1455 Caecilium
398 1387 440 1454 ad
470 1389 555 1454 solas
585 1391 740 1455 historiae
769 1390 856 1473 leges
887 1391 1111 1474 respicientem
1142 1410 1212 1466 eos,
1246 1387 1301 1468 qui
1333 1390 1402 1448 tum

177 1491 311 1574 plurimi
332 1492 398 1556 sint
409 1493 582 1574 aesthnati,
605 1493 736 1558 Atticos
752 1498 897 1558 oratores
909 1493 1042 1576 elegisse
1060 1492 1255 1566 arbitratur,
1280 1486 1403 1554 Steffen

179 1594 212 1678 (l.
238 1595 260 1658 l.
284 1617 315 1678 p.
340 1596 396 1681 50)
419 1615 552 1660 numero
576 1592 709 1660 denario
735 1601 902 1679 tamquam
928 1615 1061 1660 numero
1088 1614 1181 1658 sacro
1209 1591 1252 1656 ad
1274 1590 1402 1655 ordines

178 1695 379 1762 deliniendos
402 1702 525 1762 veteres
548 1717 617 1762 esse
639 1718 714 1762 usos
736 1696 883 1775 adnotat;
907 1697 1038 1780 Hampe
1055 1697 1194 1778 denique
1209 1694 1244 1780 (l.
1261 1694 1281 1756 1.
1298 1714 1329 1775 p.
1349 1693 1403 1776 15)

180 1799 222 1863 ad
254 1799 377 1864 Rankii
406 1801 601 1864 sententiam
627 1800 738 1882 paullo
766 1799 971 1864 immutatam
996 1799 1119 1863 recedit
1144 1798 1269 1861 dicens:
1315 1794 1401 1874 ,viel-

177 1899 279 1964 leicht
311 1901 493 1966 schwebten
525 1901 598 1966 dem
627 1901 848 1968 betreffenden
877 1901 1004 1966 Rhetor
1033 1901 1083 1966 die
1112 1901 1148 1964 X
1177 1899 1309 1964 Redncr
1336 1919 1402 1961 vor.

179 2002 300 2067 welche
323 2001 505 2068 Clisthenes
529 2004 678 2090 Glauke:
714 2003 827 2089 Solon)
854 2004 999 2086 augleich
1027 2003 1086 2067 mit
1107 2002 1165 2066 der
1186 2001 1403 2081 Elinrichtung

179 2104 239 2168 der
255 2104 294 2168 X
308 2103 436 2188 Phylen
459 2129 498 2170 zu
520 2106 746 2172 oeffentlichen
761 2105 972 2188 Anklaegern
988 2105 1067 2170 oder
1082 2104 1335 2185 Vertheidigern
1350 2102 1404 2166 be-

178 2207 315 2285 stellte3‘
342 2228 401 2290 ego
428 2229 501 2272 cum
526 2210 668 2273 virorum
695 2209 826 2272 illorum
853 2208 1058 2291 opinionibus
1086 2209 1133 2271 ita
1156 2206 1334 2284 consentio,
1366 2209 1404 2267 ut

179 2313 211 2372 et
226 2309 296 2390 ipse
312 2310 504 2374 contendam
518 2312 683 2376 rhetorem
698 2311 789 2375 illum
804 2311 934 2375 canonis
946 2315 1111 2374 auctorem
1126 2330 1259 2373 numero
1271 2307 1403 2372 denario

179 2410 219 2474 de
248 2411 409 2476 industria
439 2434 507 2478 esse
534 2435 637 2479 usum.
682 2413 738 2496 qui
766 2434 831 2495 qua
858 2413 1061 2495 potissimum
1084 2412 1206 2477 decade
1226 2415 1333 2475 motus
1352 2409 1403 2487 sit,

181 2535 267 2578 nunc
290 2515 468 2596 quaeritur.
513 2522 550 2581 ut
572 2537 682 2580 omnes
705 2521 816 2598 gentes
839 2516 1060 2597 hominesque,
1084 2515 1130 2578 sic
1154 2515 1252 2578 etiam
1274 2511 1402 2591 Graeci,

181 2637 405 2699 quaecumque
441 2618 475 2682 in
509 2639 677 2684 numerum
712 2639 826 2701 cogere
858 2624 890 2682 et
920 2619 953 2682 in
986 2616 1130 2680 ordinem
1161 2616 1306 2699 digerere
1337 2636 1404 2678 sus-

180 2724 351 2800 ceperunt,
381 2741 508 2802 semper
534 2721 730 2786 studuerunt
758 2742 927 2785 numerum
954 2718 1081 2784 efficere
1117 2724 1174 2782 aut
1201 2719 1316 2783 divinis
1346 2725 1404 2781 aut

179 2819 329 2884 humanis
350 2822 447 2887 rebus
470 2823 638 2886 sancitum.
682 2844 834 2887 numerus
856 2823 1007 2887 denarius
1029 2843 1093 2886 non
1115 2821 1176 2884 fuit
1197 2821 1251 2884 ille
1275 2820 1406 2903 quidem

178 2922 277 2988 rebus
300 2923 417 2987 divinis
440 2925 592 3020 sancitus,
617 2924 719 2989 multo
740 2945 815 2989 vero
837 2925 941 3007 magis
964 2923 1135 2990 aGraecis
1159 2930 1208 2988 est
1229 2929 1405 3006 usurpatus

180 3045 279 3106 quam
304 3025 387 3090 ullus
410 3026 502 3107 alius,
524 3034 561 3092 ut
584 3028 640 3110 qui
655 3027 753 3092 luerit
768 3048 919 3093 numerus
937 3026 1113 3110 perfectus:
1130 3022 1147 3090 ὁ
1163 3023 1297 3099 δέκατος
1312 3021 1404 3109 ἀριθ-

178 3125 239 3208 μὸς
261 3125 445 3202 τέλειος-
467 3127 584 3194 λοιπὸν
604 3125 688 3214 ὑπὲρ
709 3126 765 3194 τὸν
788 3127 922 3195 δέκατον
945 3124 1084 3215 ἀριθμὸς
1106 3123 1164 3193 οὐκ
1186 3125 1320 3215 1111111)
1344 3129 1406 3193 hoo

181 3229 326 3294 homines
351 3229 471 3296 Graeci
494 3232 526 3296 in
547 3233 615 3296 vita
638 3232 797 3296 communi
820 3232 916 3314 vulgo
938 3232 1128 3313 utebantur,
1156 3232 1209 3296 hic
1230 3253 1320 3296 suam
1344 3231 1405 3295 sibi

182 3331 358 3396 vindicavit
388 3335 614 3399 auctoritatem
646 3335 679 3398 in
709 3335 801 3399 libris
831 3333 1051 3416 librorumque
1081 3335 1269 3418 corporibus
1297 3335 1406 3398 distri-

183 3433 320 3498 buendis
336 3443 369 3498 et
392 3436 631 3519 componendis
654 3437 740 3502 hunc
756 3437 851 3519 quasi
866 3457 1010 3500 nonnam
1026 3437 1191 3519 quandam
1205 3459 1244 3501 ac
1258 3437 1405 3520 regulam

180 3535 363 3600 studiorum
408 3539 595 3622 saepissime
637 3541 672 3604 in
709 3561 802 3604 usum
837 3538 1001 3602 vocabant
1038 3539 1183 3604 historici
1219 3540 1405 3623 philosophi

183 3639 389 3720 grammatici
412 3640 574 3722 rhetores,
605 3641 693 3725 quod
716 3641 869 3724 exemplis
893 3641 1102 3724 comprobare
1125 3649 1157 3706 et
1177 3643 1350 3707 inlustrare
1371 3643 1405 3706 in

186 3743 374 3822 praesentia
412 3745 493 3808 nihil
528 3745 632 3824 iuvat,
666 3765 738 3807 cum
772 3743 901 3808 decadis
929 3765 991 3807 usu
1019 3745 1052 3807 in
1085 3745 1182 3810 rebus
1213 3744 1405 3828 pervulgato

179 3848 304 3908 motum
324 3865 393 3909 esse
421 3847 750 3928 canonisauctorem,
773 3852 810 3911 ut
831 3847 917 3910 viros
941 3845 1038 3910 laude
1063 3845 1176 3929 dignos
1196 3847 1230 3909 in
1250 3847 1406 3912 decadem

179 3946 401 4029 coniungeret,
440 3948 664 4030 improbabilis
704 3949 746 4015 sit
783 3950 976 4014 coniectura.
1042 3951 1176 4034 propius
1215 3950 1258 4014 ad
1294 3972 1405 4016 verum

280 4218 301 4286 ¹)
320 4217 354 4271 cf.
369 4218 493 4283 Cramer,
512 4220 621 4272 Anecd.
641 4219 688 4272 Gr.
707 4217 796 4272 Paris.
815 4217 923 4273 lviso
942 4237 1000 4287 sq.;
1020 4219 1098 4273 Sext.
1116 4219 1197 4288 Emp.
1217 4237 1244 4288 p.
1262 4222 1313 4274 209
1330 4219 1406 4287 Bkk;

184 4301 277 4357 Schol.
301 4303 336 4356 ad
356 4303 440 4357 Dion.
465 4304 532 4358 Thr.
551 4304 589 4357 Il.
611 4323 636 4373 p.
661 4307 712 4358 710
730 4305 814 4370 Bkk.;
839 4305 880 4357 ita
905 4306 1051 4360 allucinati
1073 4310 1139 4358 sunt
1161 4306 1350 4374 grammatici,
1373 4311 1406 4358 ut

182 4385 298 4443 δέκατον
317 4407 463 4443 numerum
480 4408 496 4443 a
515 4389 648 4459 δέχεσθαι
667 4391 842 4456 derivarent,
865 4395 896 4444 ut
919 4392 967 4459 qui
985 4395 1120 4460 quattuor
1145 4392 1253 4460 primos
1274 4409 1405 4446 numeros

177 4474 209 4527 in
228 4493 257 4528 se
276 4476 504 4546 amplecteretur.
