3362 5216
778 297 814 357 11

183 503 282 579 atque
312 496 345 559 in
376 497 518 560 omnium
545 519 639 562 nsum
666 499 787 581 publici
815 498 943 562 fecisset
964 499 1057 578 iuris,
1096 500 1151 580 qui
1178 504 1246 564 tam
1274 506 1408 582 propter

183 599 384 680 diligentiam
406 621 504 680 quam
529 599 682 664 indicium
705 602 739 664 in
762 601 903 664 omnium
926 606 1110 665 versaretur
1133 622 1203 680 ore3
1228 622 1301 665 eum
1322 603 1408 666 inter

181 701 349 784 pedestres
383 703 556 784 scriptores
591 703 748 784 singulari
783 723 860 767 cura
894 709 1038 767 oratores
1076 704 1260 786 amplexum
1296 705 1406 769 decem

182 804 257 890 (sic)
293 804 384 868 libris
423 825 591 869 enarrasse
630 803 797 890 (Ammon.
830 827 854 868 s.
884 827 912 868 v.
944 807 1023 892 νῆες·
1053 802 1197 888 Δίδυμος
1224 803 1407 892 ἑνδεκάτῳ

181 910 355 994 ῥητορικῶν
381 903 621 994 ὑπομνημάτων
649 906 747 993 φησὶν
777 906 879 984 οὕτως
901 908 986 993 sqq.)
1011 915 1108 990 atque
1130 910 1179 973 ita
1203 909 1341 990 quidem,
1370 915 1407 974 ut

182 1011 215 1074 in
237 1016 360 1092 septem
384 1031 422 1073 ex
445 1009 494 1073 his
511 1009 622 1074 decem
637 1010 728 1073 libris
752 1011 894 1093 singulos
908 1011 1059 1094 deinceps
1076 1017 1234 1077 tractaret
1258 1020 1404 1078 oratores

182 1113 438 1176 Demosthenem
454 1112 656 1194 Hyperidem
668 1113 865 1177 Aeschinem
883 1114 1012 1177 Isaeum
1025 1115 1204 1178 Isocratem
1219 1116 1406 1199 Lycurgum

182 1214 398 1294 Dinarchum3
440 1215 505 1278 iam
549 1236 621 1278 cum
663 1215 937 1298 Harpocrationis
975 1213 1076 1295 λέξεις
1111 1219 1176 1279 τῶν
1212 1215 1235 1282 ι’
1267 1217 1407 1305 ῥητόρων

183 1317 354 1381 maximam
388 1323 513 1397 partem
546 1339 586 1380 ex
617 1317 750 1400 Didymi
785 1319 1024 1383 commentariis
1051 1319 1237 1384 viderentur
1266 1322 1406 1402 fluxisse,

181 1420 355 1503 proclivem
389 1439 462 1483 esse
495 1420 714 1483 coniecturam
754 1421 887 1503 reliquis
920 1420 1026 1486 tribus
1059 1422 1151 1488 libris
1189 1424 1406 1507 Antiphontis

182 1522 363 1587 Andocidis
395 1522 515 1605 Lysiae
550 1522 713 1586 orationes
749 1523 924 1606 Didymnm
965 1545 1033 1588 esse
1066 1533 1317 1590 commentatum
1346 1527 1404 1605 (M.

183 1626 340 1705 Schmidt,
365 1625 496 1707 Didym.
519 1623 579 1705 frg.
603 1646 634 1706 p.
659 1629 736 1703 3103
761 1624 882 1690 Steffen
906 1649 936 1709 p.
957 1631 997 1690 50
1013 1649 1043 1690 n.
1062 1627 1134 1714 33);
1158 1649 1241 1711 quae
1264 1650 1336 1693 curn
1358 1630 1405 1693 ita

182 1734 304 1807 essent,
334 1729 435 1791 multo
465 1747 533 1790 esse
560 1727 626 1790 veri
657 1727 793 1791 similius
822 1728 998 1794 Caecilium
1026 1731 1091 1794 iam
1121 1732 1240 1815 scripto
1271 1731 1405 1816 Didymi

178 1832 218 1894 de
241 1830 351 1894 decem
375 1831 558 1896 oratoribus
581 1851 678 1912 opere
701 1852 793 1894 suum
810 1829 885 1914 περὶ
907 1836 1103 1920 χαρακτῆρος
1125 1837 1190 1897 τῶν
1212 1832 1291 1899 δέκα
1313 1831 1401 1922 ῥητό-

180 1958 242 2018 ρων
265 1935 493 2016 composuisse,
517 1955 692 2018 omnesque
714 1935 909 2018 posteriores
926 1937 1099 2018 scriptores
1117 1936 1251 2020 Didymi
1267 1939 1405 2002 anctori-

177 2041 278 2100 tatem
301 2043 470 2101 veneratos
493 2042 657 2101 oratorum
682 2039 854 2102 retinuisse
877 2037 1043 2102 decadem.
1089 2040 1240 2122 expedita
1262 2061 1339 2105 sane
1355 2047 1406 2106 est

178 2140 240 2220 via,
254 2161 319 2222 qua
331 2139 477 2222 procedit
488 2140 624 2222 Hampii
637 2141 885 2222 argumentatio,
899 2139 955 2204 sed
968 2141 1082 2205 eadem
1093 2143 1281 2222 temeraria3
1298 2165 1403 2226 neque

180 2243 264 2306 enim
295 2243 334 2306 de
358 2242 468 2306 decem
491 2238 620 2306 tantum
642 2243 734 2308 libris
758 2242 891 2324 Didymi
914 2247 1050 2322 constat,
1081 2265 1153 2307 cum
1176 2266 1215 2308 ex
1236 2245 1403 2310 Ammonii

178 2345 364 2408 testimonio
392 2345 497 2408 solum
529 2345 563 2408 id
596 2344 772 2408 efficiamus
803 2345 915 2410 decem
954 2345 1121 2409 minimum
1150 2347 1250 2411 libros
1283 2347 1401 2426 fuisse,

179 2467 284 2528 neque
327 2451 435 2527 potest
479 2447 695 2511 demonstrari
746 2447 924 2530 Didymnm
973 2454 1105 2531 praeter
1148 2449 1401 2514 Demosthenem

179 2548 380 2631 Hyperidem
402 2549 600 2613 Aeschinem
622 2550 753 2613 Isaeum
781 2550 862 2614 alios
885 2555 1030 2614 oratores
1054 2571 1123 2615 esse
1152 2558 1403 2616 commentatum

180 2651 318 2737 (Steffen
348 2674 379 2735 p.
410 2655 450 2714 50
478 2675 508 2715 n.
538 2653 608 2737 33);
638 2673 836 2736 quamquam
865 2653 967 2716 conici
994 2653 1071 2718 licet
1101 2655 1197 2718 etiarn
1224 2655 1403 2718 Isocratem

179 2755 366 2838 Lycurgum
381 2754 585 2819 Dinarchum
609 2757 848 2819 commentariis
865 2755 999 2838 Didymi
1020 2762 1189 2821 enarratos
1211 2778 1290 2836 esse,
1314 2757 1404 2820 nulla

181 2863 291 2921 tamen
306 2878 387 2920 ansa
403 2855 500 2920 datur
511 2859 717 2922 coniecturae
729 2857 969 2940 Antiphontem
981 2856 1186 2923 Andocidem
1197 2859 1331 2942 Lysiam
1343 2859 1362 2922 i.
1377 2881 1404 2924 e.

180 2959 416 3024 vetustissimos
439 2980 478 3023 ex
497 2959 619 3023 decade
642 2965 788 3024 oratores
811 2961 879 3024 eius
902 2961 986 3025 notis
1010 2981 1079 3024 esse
1095 2961 1296 3042 inlustratos,
1321 2961 1403 3026 alios

179 3083 253 3125 vero
277 3067 421 3126 oratores
443 3062 532 3126 velut
554 3060 692 3126 Critiam
722 3063 980 3146 Aristogitonem
1002 3063 1281 3146 Thrasymachum
1309 3063 1431 3148 Poly-⁶

181 3169 325 3245 suetum,
357 3186 494 3246 quorum
517 3165 679 3228 orationes
710 3165 806 3229 etiam
829 3164 1035 3230 inferioribus
1059 3166 1196 3230 saeculis
1218 3166 1403 3231 rhetoribus

180 3272 212 3332 et
242 3267 463 3349 grammaticis
489 3287 555 3330 non
585 3266 682 3349 plane
716 3274 810 3332 erant
835 3261 982 3352 ignotae,
1010 3268 1183 3352 neglectos.
1236 3267 1403 3335 destructo

182 3369 282 3452 igitur
303 3365 512 3433 fundamento
534 3374 606 3433 tota
630 3371 752 3434 corruit
773 3371 910 3452 Hampii
933 3370 1181 3453 argumentatio.
1226 3392 1331 3455 neque
1356 3378 1404 3437 est

184 3473 327 3550 omnino,
351 3492 408 3535 cur
437 3471 579 3554 Didymo
609 3492 764 3537 canonem
792 3474 957 3536 inventum
986 3473 1195 3537 ascribamus,
1238 3495 1314 3537 nam
1342 3473 1405 3537 fuit

181 3573 235 3638 ille
259 3574 390 3656 quidem
412 3575 618 3638 acutissimus
646 3575 806 3658 interpres
830 3575 1133 3657 eruditissimusque
1161 3577 1402 3658 grammaticus,

182 3676 249 3742 eius
271 3697 347 3740 vero
370 3697 469 3758 opera
491 3675 558 3741 fere
581 3682 652 3742 tota
673 3679 707 3741 in
729 3683 899 3761 poetarum
921 3677 1190 3760 interpretatione
1212 3685 1403 3761 consumpta

181 3783 246 3856 est3
283 3778 412 3861 scripsit
441 3778 527 3845 idem
559 3780 656 3844 etiam
691 3781 724 3844 in
756 3785 902 3845 oratores
935 3779 1195 3858 commentarios,
1227 3778 1285 3844 sed
1315 3779 1402 3865 frag-

177 3882 294 3944 mentis
325 3902 436 3944 eorum
460 3881 632 3946 edocemur
653 3883 815 3947 rhetorice
839 3887 984 3947 oratores
1012 3881 1053 3946 ab
1077 3903 1202 3947 eonon
1226 3903 1295 3947 esse
1317 3889 1401 3948 trac·

182 3988 278 4063 tatos,
302 3983 359 4048 sed
380 3982 455 4047 solis
478 3985 695 4065 grammaticis
718 3985 881 4050 historicis
897 3985 1092 4068 antiquariis
1106 3985 1194 4048 notis
1208 3985 1401 4067 instructos3

180 4086 220 4150 de
242 4091 408 4150 oratorum
430 4087 632 4168 praestantia
649 4086 805 4168 dignitate
830 4089 943 4153 ordine
964 4086 1087 4152 iudicia
1109 4088 1199 4152 nulla
1213 4089 1400 4171 reperimus.

180 4189 229 4252 ita
271 4209 366 4271 quern
410 4188 593 4253 oratoribus
638 4189 783 4253 criticam
829 4211 962 4273 operam
1000 4189 1195 4272 impendisse
1231 4192 1400 4271 nescimus

180 4312 253 4354 eum
276 4296 441 4354 oratorum
466 4312 621 4355 canonem
645 4293 912 4375 qualemcumque
939 4292 1099 4356 invenisse
1121 4314 1206 4358 vana
1230 4299 1262 4358 et
1284 4293 1400 4358 futtilis

123 4455 125 4462 ,
178 4399 226 4456 est
255 4393 452 4457 coniectura.
499 4395 620 4458 erravit
641 4395 741 4476 igitur
762 4395 860 4459 etiam
881 4393 1095 4474 Ballheimer,
1125 4397 1180 4477 qui
1204 4417 1400 4478 quamquam

180 4492 359 4576 Didymnm
380 4497 627 4578 grammaticum
651 4518 718 4561 esse
741 4498 868 4577 tenuit,
883 4497 984 4588 nihilo
1007 4499 1107 4563 setius
1128 4497 1254 4561 numeri
1276 4497 1400 4562 denarii
