3362 5216
829 267 869 326 76

750 353 953 364 ——-----—·-·

240 473 391 552 artesque
422 466 545 531 alienas
575 487 822 550 pernoscamus,
853 469 956 534 altera
985 468 1019 532 in
1050 468 1179 552 scriptis
1206 469 1329 552 posita,
1360 471 1465 556 altera

239 573 273 638 in
322 572 394 654 ipsa
443 571 563 634 artium
614 570 845 653 magistrorum
894 570 1055 651 doctrina,
1104 578 1137 636 et
1179 571 1301 657 scripta
1344 575 1465 658 Perga·

239 695 406 738 manorum
444 673 585 738 Romani
626 673 846 740 adhibuerunt
882 674 1027 741 Cratetis
1060 674 1267 758 Asclepiadis
1304 676 1466 760 Antigoni

239 776 435 861 Apollodori
465 776 617 857 aliorum,
641 783 674 842 et
695 776 907 860 Pergamenis
930 776 1116 842 doctoribus
1139 797 1272 861 operam
1294 779 1463 860 dederunt,

239 881 294 964 qui
342 879 436 945 multi
479 881 642 962 Pergamo
691 879 828 963 profecti
872 881 997 946 Romae
1043 880 1169 946 litteras
1215 881 1463 964 profitebantur.

237 985 369 1050 fuerunt
388 975 487 1048 etiam
509 982 565 1064 qui
587 981 766 1048 studiorum
789 985 898 1067 gratia
912 983 1109 1065 Pergamum
1131 985 1317 1068 migrarent,
1341 1006 1464 1068 suoque

238 1110 315 1154 sane
343 1090 414 1152 iure
444 1086 587 1168 Piderit,
622 1086 662 1150 de
690 1086 801 1170 Apoll.
834 1092 866 1151 et
896 1087 1021 1152 Pheod.
1054 1085 1152 1151 rhett.
1181 1110 1212 1170 p.
1246 1094 1264 1152 7
1288 1087 1464 1176 ,Calidium
1562 1127 1564 1132 ,

237 1199 275 1258 ut
305 1191 424 1256 multos
456 1188 537 1254 alios
562 1190 730 1256 Romanos
757 1211 822 1254 non
845 1190 980 1272 Romae,
1004 1190 1062 1255 sed
1082 1190 1244 1274 Pergami,
1267 1191 1464 1274 Apollodori

237 1295 318 1361 urbe
342 1295 466 1378 patria,
495 1293 624 1358 scholae
653 1293 748 1359 huius
770 1293 911 1358 rhetoris
944 1294 1139 1360 interfuisse‘
1170 1295 1316 1359 coniecit.
1361 1295 1463 1360 multo

238 1421 315 1464 vero
344 1399 452 1462 notior
481 1402 530 1462 est
549 1396 835 1480 ¹Pergamenorum
864 1399 1057 1476 auctoritas,
1088 1418 1186 1481 quam
1208 1398 1241 1462 in
1263 1399 1335 1482 ipsa
1357 1399 1463 1464 Roma

243 1507 371 1566 mature
394 1499 570 1564 habebant.
617 1501 736 1564 etenim
759 1519 832 1564 cum
854 1499 973 1565 multos
996 1502 1121 1567 Romae
1150 1506 1364 1567 commoratos
1394 1523 1462 1566 esse

238 1603 386 1670 rhetores
402 1601 548 1678 Graecos
563 1601 775 1684 audiamus),
801 1603 866 1667 iam
883 1609 959 1669 ante
981 1625 1009 1668 a.
1028 1607 1099 1684 155,
1123 1625 1187 1686 quo
1204 1625 1277 1669 cum
1292 1603 1463 1670 Carneade

238 1705 438 1770 Academico
479 1711 511 1770 et
551 1704 700 1787 Diogene
735 1703 844 1771 Stoico
881 1704 1045 1771 Critolaus
1082 1706 1322 1790 Peripateticus
1359 1714 1462 1773 artem

236 1808 434 1874 rhetoricam
469 1807 596 1894 (Quint.
624 1808 663 1872 II
697 1810 754 1888 15,
788 1813 843 1886 233
881 1809 934 1890 19)
968 1831 1008 1874 ex
1040 1809 1224 1875 scholarum
1258 1809 1461 1877 Graecarum

238 1913 435 1978 umbraculis
462 1913 496 1976 in
524 1911 585 1976 fori
611 1911 752 1975 Romani
777 1912 877 1976 solem
903 1934 942 1978 ao
970 1913 1136 1995 pulverem
1159 1913 1337 1993 transtulit,
1361 1919 1395 1978 et
1415 1914 1461 1977 in·

240 2016 386 2082 credibili
409 2015 613 2098 eloquentiae
636 2014 744 2080 studio
767 2016 916 2080 iuventus
932 2017 1083 2082 Romana
1103 2015 1276 2100 flagrabat,
1301 2015 1341 2080 de
1363 2017 1461 2080 variis

237 2119 462 2186 Romanorum
494 2117 609 2182 studiis
643 2118 764 2200 optime
798 2119 906 2183 meriti
942 2125 1018 2183 sunt
1045 2119 1256 2202 Pergameni,
1292 2141 1312 2182 a
1343 2118 1461 2201 quibus

238 2224 350 2306 primis
380 2226 483 2286 artem
511 2221 758 2304 grammaticam
788 2227 820 2285 et
847 2221 1042 2287 rhetoricam
1072 2228 1278 2305 acceperunt.
1297 2230 1301 2237 '
1322 2215 1461 2304 primum

239 2324 359 2411 01111112)
383 2323 548 2392 Oratetem
572 2345 597 2387 c.
618 2328 678 2388 169
703 2325 845 2389 studium
868 2324 1099 2408 grammaticae
1121 2325 1156 2388 in
1178 2324 1291 2389 urbem
1313 2325 1462 2388 intulisse

239 2450 277 2492 ex
300 2427 456 2493 Suetonio
479 2427 500 2490 l.
524 2426 545 2489 l.
568 2433 768 2510 compertum
790 2427 962 2506 habemus3
993 2427 1050 2491 ubi
1072 2427 1195 2492 infelici
1216 2449 1292 2493 casu
1313 2434 1460 2492 retentus

239 2532 389 2610 ,acroasis
417 2529 553 2594 subinde
581 2529 658 2595 fecit
685 2530 878 2612 assidueque
907 2529 1075 2610 disseruit,
1105 2551 1144 2596 ac
1172 2531 1291 2594 nostris
1315 2532 1460 2614 exemplo

237 2632 299 2697 fuit
326 2633 368 2698 ad
395 2632 602 2697 imitandum:
635 2633 790 2697 hactenus
819 2639 941 2714 tamen,
974 2638 1010 2696 ut
1036 2633 1180 2698 carmina
1208 2655 1324 2716 parum
1354 2634 1461 2700 adhuc

239 2735 406 2818 divolgata
439 2737 491 2800 vel
530 2735 756 2800 defunctorum
791 2736 969 2800 amicorum
1000 2735 1050 2800 vel
1086 2736 1113 2800 si
1150 2756 1287 2819 quorum
1324 2737 1462 2801 aliorum

238 2839 446 2922 probassent,
476 2839 661 2921 diligentius
683 2843 900 2903 retractarent
922 2860 961 2903 ac
981 2837 1118 2920 legendo
1148 2838 1460 2920 commentandoque

238 2948 271 3005 et
294 2943 409 3006 ceteris
439 2948 517 3006 nota
539 2941 711 3021 facerent‘3
739 2941 827 3006 velut
850 2940 887 3006 O.
913 2940 1069 3008 Octavius
1091 2941 1288 3025 Lampadio,
1313 2940 1352 3025 Q.
1376 2941 1480 3009 Var-·

238 3044 407 3126 gunteinS,
442 3042 575 3108 Laelius
610 3045 809 3125 Archelaus,
843 3044 978 3110 Vectius
1013 3044 1238 3124 Philocomus,
1273 3063 1313 3108 ex
1342 3045 1460 3126 quibus

238 3145 499 3230 Lampadionem
521 3148 555 3212 in
570 3146 689 3212 Naevii
712 3146 797 3212 bello
812 3147 938 3212 Punico
960 3147 994 3210 in
1016 3153 1140 3230 septem
1162 3146 1264 3212 libros
1287 3146 1460 3212 dividendo

328 3387 349 3456 ¹)
368 3394 399 3440 ut
412 3385 573 3440 Menelaum
585 3377 781 3438 Marathenum
801 3383 871 3454 (Cic.
883 3381 962 3436 Brut.
983 3385 1053 3451 100),
1066 3383 1246 3453 Diophanem
1260 3384 1460 3452 Mytilenaeum

211 3494 214 3502 ·
238 3474 286 3543 (ib.
319 3476 393 3542 104),
421 3473 619 3526 Menedemum
647 3471 850 3525 Atheniensem
880 3470 928 3536 (de
955 3488 994 3524 or.
1021 3470 1037 3524 1
1063 3471 1121 3537 85),
1148 3469 1292 3524 Molonem
1317 3469 1462 3524 Rhodium

238 3561 331 3628 (Brut.
354 3562 412 3614 307.
432 3561 509 3628 312),
528 3558 674 3612 Philonem
695 3558 858 3612 Larisaeum
876 3555 964 3624 (Plut.
984 3556 1039 3620 Cio.
1059 3558 1088 3624 33
1113 3557 1170 3611 oio.
1189 3556 1269 3611 Tusa.
1288 3556 1362 3621 113,
1380 3559 1409 3624 95
1427 3557 1461 3609 de

242 3665 281 3701 or.
300 3647 348 3702 Ill
368 3651 436 3716 110),
450 3647 634 3700 Heraclidem
648 3645 799 3698 Temniten
818 3643 886 3711 (oio.
906 3643 998 3696 Flaoc.
1018 3645 1058 3709 18,
1076 3645 1119 3697 42.
1137 3645 1179 3709 20,
1196 3647 1238 3697 46.
1256 3645 1310 3712 48),
1328 3644 1461 3697 Asinium

241 3734 399 3787 Pollionem
423 3734 597 3787 Trallianum
622 3732 711 3800 (Suid.
736 3749 756 3784 s.
786 3732 835 3798 v.);
859 3734 925 3782 sunt
948 3730 995 3797 qui
1013 3729 1221 3799 Hermagoram
1244 3730 1336 3799 ipsum
1353 3729 1461 3784 Romae

238 3821 366 3873 docuisse
386 3821 546 3888 opinentur,
565 3820 642 3886 quod
653 3823 749 3872 tamen
762 3835 815 3886 pro
833 3821 911 3870 certo
925 3815 1086 3870 confirmari
1098 3817 1199 3884 nequit
1211 3818 1248 3886 (v.
1261 3835 1287 3886 g.
1301 3816 1461 3882 Morawski,

238 3905 342 3960 NRhM
360 3904 496 3959 XXXIV
514 3924 540 3974 p.
560 3908 630 3973 370).

325 3993 348 4061 ρ)
366 4010 536 4061 quamquam
556 3992 728 4062 ,philosophi
746 3989 848 4044 Graeci
866 3993 895 4042 et
911 3989 1050 4053 rhetores,
1076 3989 1124 4057 qui
1144 3989 1230 4041 etiam
1247 3989 1462 4058 grammaticam

239 4080 412 4144 docuerunt,
435 4081 492 4133 iam
515 4082 581 4132 ante
609 4078 732 4132 Cratetis
754 4077 908 4130 adventum
932 4075 1008 4128 haud
1032 4075 1117 4129 dubie
1139 4076 1202 4144 (sic)
1225 4074 1335 4130 Romae
1353 4075 1461 4128 scholas

238 4169 416 4235 aperuerant,
436 4184 499 4220 cum
513 4167 641 4230 sciamus,
654 4165 790 4218 Alcaeum
809 4167 839 4216 et
851 4163 1008 4216 Philiscum
1027 4161 1062 4220 L.
1073 4161 1220 4215 Postumio
1239 4179 1293 4215 cos.
1314 4163 1363 4214 173
1375 4179 1398 4217 a.
1412 4161 1461 4215 oh.

238 4251 309 4304 urbe
328 4270 388 4304 esse
408 4253 522 4307 eiectos‘
546 4253 701 4320 (Wegener
719 4252 737 4305 l.
756 4252 774 4303 l.
795 4251 866 4317 122),
888 4253 985 4302 tamen
1008 4264 1040 4302 ea
1058 4248 1121 4316 ipsa
1139 4265 1174 4301 ex
1192 4264 1236 4312 re,
1255 4248 1330 4316 quod
1348 4248 1462 4302 Gratete

239 4339 319 4406 prior
336 4355 419 4391 nemo
438 4339 512 4392 alius
532 4338 632 4393 doetus
652 4337 775 4391 Graecus
795 4335 959 4390 aSuetonio
978 4338 1222 4398 commemoratur,
1240 4335 1463 4388 luculentissime
1554 4333 1556 4338 '

237 4426 411 4492 perspicitur
436 4425 558 4479 Cratetis
582 4423 669 4494 primi
692 4423 891 4477 auctoritatem
921 4423 952 4476 in
976 4421 1080 4476 litteris
1099 4419 1235 4474 Romanis
1253 4421 1464 4476 conformandis

237 4510 368 4567 valuisse.
