3362 5216
739 271 778 332 27

152 476 283 560 quidem
311 496 348 540 ac
379 480 489 540 tamen
522 473 686 558 quandam
716 473 810 558 quasi
839 477 990 540 naturam
1020 471 1232 556 sequoretur!
1288 466 1373 532 hanc

153 599 286 645 causam
314 579 347 643 in
371 576 513 643 ancilio
536 577 666 660 quidem
694 575 834 642 futtilem
857 598 925 642 esse
955 582 1053 660 atque
1076 594 1149 640 cum
1170 572 1251 656 ipsa,
1276 589 1375 654 quam

154 681 316 748 Caecilius
343 681 485 761 tenebat,
518 702 632 746 norma
659 700 805 764 pugnare
838 699 933 744 nemo
961 677 1169 755 infitiabitur3
1184 681 1263 740 ¹non
1291 672 1375 738 enim

153 791 204 850 est
232 783 386 850 credibile
409 783 601 864 Caecilium,
630 789 667 848 ut
694 784 751 866 qui
772 779 848 868 περὶ
868 779 1065 862 συνθέσεως,
1097 777 1172 866 περὶ
1194 771 1374 865 σχημάτων,

153 885 231 974 περὶ
251 886 357 970 ὕψους
371 887 551 970 similiaque
574 887 695 969 scripta
718 886 958 969 composuisset,
980 887 1014 951 in
1033 884 1155 970 'quibus
1177 902 1233 948 eos
1247 885 1375 946 tantum

152 991 258 1056 iustos
287 995 433 1056 oratores
463 989 566 1071 duxit,
595 991 652 1072 qui
680 995 750 1054 arte
778 989 919 1071 quadam
946 994 979 1054 et
1004 987 1152 1067 consilio,
1179 1007 1244 1050 non
1273 983 1375 1048 solam

155 1100 308 1159 naturam
330 1092 468 1178 secuti¹)
488 1093 650 1158 orationes
674 1091 885 1176 scripsissent,
909 1093 942 1157 in
965 1111 1120 1157 canonem
1144 1087 1307 1172 quendam
1325 1107 1375 1152 re·

156 1197 279 1280 cepisse
294 1201 465 1277 oratorem,
489 1195 545 1279 qui
561 1216 665 1279 neque
681 1201 857 1279 praecepta
870 1194 1034 1260 rhetorica
1050 1193 1224 1278 quicquam
1239 1190 1376 1256 curabat

155 1307 189 1366 et
211 1299 347 1383 vulgare
371 1298 498 1364 dicendi
521 1319 622 1381 genus
644 1299 677 1362 in
702 1297 904 1364 orationibus
927 1297 966 1362 de
987 1296 1147 1362 industria
1162 1295 1373 1378 exprimebat.

154 1408 243 1468 errat
273 1401 422 1484 denique,
453 1402 480 1465 si
510 1402 550 1466 de
572 1400 744 1467 Andocidc
765 1399 810 1486 ,fit
832 1400 988 1482 quaestio,
1018 1399 1151 1482 Hampe
1171 1399 1192 1464 l.
1217 1419 1243 1464 c.
1266 1422 1297 1482 p.
1324 1403 1373 1478 is,

156 1506 214 1589 qui
234 1505 331 1570 aliter
354 1505 514 1568 censuisse
535 1509 631 1588 putat
653 1509 776 1568 veteres
800 1503 938 1583 criticos,
966 1501 1062 1566 aliter
1082 1523 1151 1583 nos,
1175 1503 1291 1586 cuique
1314 1503 1376 1567 boc

153 1609 330 1692 probatum
349 1605 477 1672 videtur
499 1629 568 1672 esse
589 1607 708 1672 multas
731 1607 811 1672 alias
827 1626 921 1690 posse
936 1605 1098 1670 exstitisse
1112 1605 1284 1688 orationes,
1307 1606 1375 1689 qui·

154 1711 215 1776 bus
244 1711 384 1776 recensis
407 1709 594 1776 Andocides
622 1711 655 1775 in
684 1729 853 1776 numerum
880 1715 965 1776 esset
992 1708 1130 1790 relatus3
1159 1710 1375 1792 nequeenim

155 1886 357 1895 ——-.—-—-

1284 1906 1301 1933 Χ

242 2000 262 2070 ¹)
278 1999 487 2054 inconsiderate
509 2001 599 2070 igitur
622 2000 681 2070 egit
709 1999 836 2054 Martens
855 2001 873 2054 l.
898 2001 917 2054 l.
939 2019 966 2070 p.
991 2003 1008 2055 9
1026 2017 1079 2068 sq.,
1102 1999 1149 2068 qui
1172 1999 1202 2052 in
1220 1999 1265 2052 Pe.
1284 1997 1373 2069 Long.

155 2109 184 2142 τι,
205 2085 250 2156 iim.
270 2104 293 2144 c.
310 2089 327 2140 2
344 2086 415 2151 init,
433 2086 481 2138 ubi
500 2086 568 2139 haec
585 2086 730 2155 leguntur:
758 2084 828 2156 ,ημῖν
847 2085 870 2140 δ’
890 2091 977 2142 ἐκεῖνο
1001 2086 1180 2160 διαπορητέον
1202 2091 1232 2138 ἐν
1251 2081 1333 2158 ἀρχῇ,
1352 2088 1375 2138 εἰ

153 2179 229 2228 ἔστιν
251 2172 333 2244 ὕψους
355 2194 395 2228 τιε
420 2169 445 2241 [ἢ
464 2172 580 2242 βάθυνε]
601 2178 690 2242 τέχνη,
711 2177 771 2226 ἐπεί
786 2193 876 2230 τινος
895 2175 1024 2228 οἴονται
1048 2171 1238 2240 dissertabat
1260 2171 1321 2229 τοὺς
1339 2171 1374 2225 τὰ

151 2260 265 2316 τοιαῦτα
285 2257 401 2334 ἄγοντας
416 2261 455 2336 ,εἰς
470 2257 578 2328 τεχνικὰ
593 2259 813 2332 παραγγέλματα.
837 2255 966 2334 γεννᾶται
983 2261 1044 2334 γάρ,
1063 2266 1155 2332 φησί,
1173 2258 1208 2312 τὰ
1222 2257 1375 2332 μεγαλοφνῆ

151 2354 196 2400 καὶ
215 2343 245 2400 οὗ
265 2345 379 2400 διδακτὰ
397 2352 583 2418 παραγίνεται,
602 2353 646 2398 καὶ
665 2353 713 2414 μία
732 2351 813 2415 τέχνη
831 2345 898 2416 πρὸς
922 2343 990 2402 abed
1013 2348 1045 2402 τὸ
1063 2351 1217 2417 πεφυκέναι·
1244 2352 1374 2418 χείριστα

150 2433 186 2488 τὰ
207 2431 306 2504 φυσικὰ
325 2437 397 2508 ἔργα,
416 2431 456 2489 ὡς
475 2433 616 2499 οἴονται,
635 2439 679 2486 καὶ
697 2431 737 2500 τῷ
755 2439 838 2486 παντὶ
854 2431 990 2507 δειλότεροι
1004 2435 1174 2487 καθίσταται
1187 2439 1246 2489 ταῖς
1259 2451 1375 2501 τεχνο-

151 2519 278 2594 λογίαις
300 2518 593 2588 κατασκελετεοόμεναζ
616 2519 652 2572 ad
675 2536 773 2572 vocem
795 2525 864 2590 φησί
885 2521 997 2589 supplet
1022 2518 1156 2576 Καικίλιος
1183 2519 1279 2586 itaque
1307 2516 1375 2582 ὕψος

153 2611 215 2660 arte
234 2607 392 2675 comparari
411 2622 495 2683 posse
512 2622 629 2674 negasse
647 2605 799 2658 Caecilium
818 2605 956 2659 adfirmat.
994 2607 1073 2659 cuius
1093 2605 1256 2674 opinionem
1279 2621 1374 2673 quam·

153 2710 236 2761 quam
253 2693 356 2762 probat
365 2692 402 2746 H.
421 2692 509 2758 Diels,
524 2691 621 2746 Herm.
640 2691 717 2745 XIII
734 2709 761 2760 p.
780 2693 805 2757 5,
824 2692 922 2746 falsam
941 2709 1000 2746 esse
1012 2693 1041 2745 in
1053 2693 1205 2761 propatulo
1223 2694 1273 2744 est.
1309 2708 1374 2744 nam

152 2783 351 2847 praeterquam
374 2778 449 2846 quod
474 2777 579 2846 ubique
602 2777 755 2832 Caecilium
778 2779 832 2832 arti
855 2795 994 2832 summam
1017 2778 1074 2832 vim
1096 2777 1231 2832 tribuisse
1255 2777 1290 2830 ad
1314 2793 1374 2830 ora·

152 2865 260 2919 tionem
283 2865 514 2918 conformandam
537 2865 728 2930 observamus,
756 2867 856 2934 procul
878 2865 963 2918 dubio
986 2865 1171 2918 sublimitatis
1193 2867 1283 2918 artem
1311 2881 1374 2916 eum

153 2952 302 3020 agnovisse
327 2968 342 3004 e
361 2952 454 3020 capite
470 2951 562 3020 primo
581 2951 626 3004 Ps.
646 2951 769 3021 Longini
793 2951 915 3006 dilucido
933 2951 1036 3006 evadit.
1071 2969 1138 3004 nam
1156 2950 1375 3025 τεχνολογίαν

154 3037 271 3092 Caecilii
288 3045 349 3110 περὶ
367 3035 451 3109 {loom
471 3037 691 3112 συγγραμμάτιον
708 3037 796 3092 fuisse
815 3041 912 3107 aperte
931 3037 1072 3107 significat
1090 3037 1136 3092 Ps.
1154 3038 1299 3108 Longinus
1305 3057 1311 3104 ;
1325 3038 1374 3106 qui

152 3125 177 3178 si
195 3124 264 3190 tale,
288 3125 368 3192 quale
386 3123 475 3178 voluit
498 3123 635 3188 Martens,
658 3125 734 3178 inter
751 3125 843 3194 ipsum
862 3128 891 3177 et
909 3123 1061 3178 Caecilium
1085 3124 1292 3178 intercessisset
1318 3125 1373 3198 dis·

154 3211 275 3276 crimen,
293 3211 476 3264 vehementer
493 3209 684 3263 adversarium
708 3227 767 3279 cap.
786 3213 799 3263 1
820 3211 983 3280 carpsisset,
1001 3211 1031 3263 in
1050 3227 1105 3280 quo
1124 3214 1219 3264 tamen
1238 3209 1268 3264 id
1285 3227 1372 3264 unum

152 3296 342 3368 reprehendit,
360 3296 434 3364 quod
453 3297 512 3350 eius
524 3296 636 3350 libellus
654 3295 844 3372 ταπεινότεροι
861 3295 907 3364 τηε
925 3295 998 3366 ὅλης
1015 3294 1176 3354 ὑποθέσεως
1193 3297 1220 3350 h.
1234 3313 1256 3349 e.
1269 3296 1373 3365 imper·

153 3387 246 3438 fectus
270 3401 322 3437 nec
339 3400 455 3452 prorsus
473 3383 619 3437 absolutus
637 3383 703 3450 fuit;
722 3384 865 3452 ceteroqui
884 3401 947 3438 cum
966 3386 1025 3438 eius
1043 3384 1194 3454 hypothesi
1212 3384 1372 3437 consentire

152 3471 265 3525 videtur
283 3486 401 3538 eumque
419 3465 499 3537 αὐτῆς
516 3468 563 3537 τῆς
581 3474 730 3528 ἐπινοίας
747 3477 791 3524 καὶ
811 3469 928 3538 σπονδῆς
941 3467 1017 3534 ἄξιον
1031 3476 1152 3526 ἐπαινεῖν
1165 3474 1257 3540 putat.
1282 3487 1372 3539 neque

153 3558 236 3611 unius
255 3555 310 3612 viri
328 3572 431 3609 nomen
454 3556 491 3609 ad
508 3573 605 3610 vocem
622 3564 690 3628 μησί
711 3557 982 3628 subintellegendum
1001 3575 1063 3611 esse
1081 3558 1184 3612 docent
1195 3558 1281 3612 verba
1292 3573 1372 3626 prae·

154 3642 286 3697 cedentia
307 3647 378 3700 τινὲε
397 3643 507 3708 οἴονται,
527 3643 693 3712 quibuscum
716 3644 896 3698 enunciatum
918 3641 1047 3718 γεννᾶται
1065 3661 1125 3713 sqq.
1148 3648 1213 3712 apte
1237 3643 1371 3698 cohaeret

151 3726 205 3802 γὰρ
227 3744 296 3783 voce
308 3728 414 3794 addita,
428 3732 457 3783 ot
468 3730 554 3784 verba
565 3729 711 3799 sequentia
723 3729 759 3788 ὡς
782 3731 896 3799 οἴσοντας
916 3730 999 3786 facile
1011 3731 1100 3802 igitur
1112 3732 1246 3786 concedes
1267 3735 1373 3786 sectam

152 3815 285 3882 (fortasse
302 3813 509 3883 Epicureorum
526 3817 572 3870 vel
590 3817 774 3886 Asianorum)
793 3819 932 3888 castigari,
953 3835 1023 3886 quae
1040 3822 1133 3872 artem
1152 3835 1289 3887 nusquam
1308 3835 1372 3887 pro·

152 3901 235 3954 beret
254 3901 368 3969 solaque
386 3905 488 3954 notura
505 3902 576 3956 duce
595 3903 707 3956 dicendi
724 3903 889 3958 facultatem
906 3905 1064 3974 comparari
1081 3922 1165 3974 posse
1182 3903 1371 3975 profiteretur.

153 3993 222 4058 φησί
237 3988 267 4040 in
285 3993 356 4058 φασί
371 3991 496 4053 mutere,
521 3989 597 4056 quod
615 3989 706 4043 voluit
728 3989 869 4045 Manutius
892 4008 1010 4060 eumque
1028 3995 1139 4046 secutus
1163 3991 1225 4046 Ich.
1245 3991 1371 4058 Mueller,

153 4074 190 4128 de
206 4073 253 4144 fig.
273 4076 379 4142 quaest.
399 4074 462 4128 crit.
480 4073 508 4140 1,
532 4073 639 4144 Gryph.
658 4076 724 4130 diss.
745 4077 813 4131 1880
835 4095 862 4146 p.
881 4081 898 4132 8
921 4081 988 4144 not,
1013 4079 1127 4133 omnino
1152 4095 1220 4148 opus
1244 4083 1371 4146 nonest,

153 4176 218 4214 cum
240 4160 337 4214 eadem
360 4159 471 4214 ratione
495 4163 580 4229 atque
603 4163 723 4216 latinum
747 4163 856 4231 ,inquit‘
880 4162 926 4233 (cs.
949 4181 971 4218 e.
995 4183 1020 4234 g.
1045 4164 1102 4220 (lic.
1126 4164 1207 4219 Brut.
1225 4167 1287 4236 ast)
1307 4173 1376 4238 φησί

153 4262 206 4315 pro
225 4252 297 4318 φασί
312 4248 389 4316 (man
405 4250 475 4316 sagt,
495 4265 523 4300 es
542 4248 642 4318 heisst)
654 4249 779 4318 positum
792 4250 902 4319 saepius
915 4250 1075 4304 inveniatur
1087 4251 1172 4320 idque
1183 4253 1262 4307 vario
1276 4270 1372 4320 sensu3

153 4331 189 4386 cf.
207 4331 253 4386 Ps.
272 4331 362 4402 Long.
387 4351 414 4402 p.
431 4335 473 4399 48,
493 4334 516 4388 l.
551 4337 592 4401 68,
614 4337 643 4402 23
667 4336 782 4391 Weiske
808 4336 844 4390 ed
865 4335 957 4406 hong.
979 4355 1007 4407 p.
1030 4339 1095 4406 2283
1117 4337 1197 4410 ‘Toup
1223 4341 1259 4395 ad
1283 4339 1373 4410 Long.

152 4435 180 4487 p.
198 4419 257 4473 275.
276 4420 340 4486 335;
362 4418 468 4473 Reiske
487 4425 515 4473 et
532 4420 664 4492 Kruegor
686 4423 722 4477 ad
743 4422 827 4476 Dion.
850 4422 887 4477 H.
914 4438 957 4492 ep.
980 4424 1017 4478 ad
1034 4423 1084 4480 (ln.
1101 4423 1200 4496 Pomp.
1218 4444 1245 4496 p.
1263 4427 1314 4480 753
1332 4425 1371 4493 m

153 4503 287 4560 Schaeler
304 4505 340 4560 ad
357 4504 441 4561 Dion.
460 4505 494 4560 de
513 4523 603 4578 comp.
621 4509 697 4563 verb.
717 4526 740 4562 c.
758 4510 783 4563 3.
