3362 5216
792 257 831 320 el

199 460 465 543 philosophorum
486 461 690 526 constituerit
713 462 871 540 delectus,
900 460 1091 540 contuleris,
1120 459 1215 524 facile
1253 481 1424 543 cognosces

202 563 339 646 optimos
369 584 514 647 quosque
543 584 582 628 ex
613 565 733 630 maiore
767 563 926 630 bonorum
955 565 1150 647 scriptorum
1183 583 1317 628 numero
1351 585 1424 628 eum

200 667 348 750 elegisse3
376 672 453 732 vett.
483 687 567 732 cens.
595 690 626 750 p.
658 671 722 732 415
750 689 819 751 sqq.
854 669 1018 751 epicorum
1047 672 1220 751 quattuor,
1243 664 1420 749 lyricorum

200 770 350 852 totidem,
373 769 513 852 tragicos
536 777 649 853 poetas
670 777 738 836 tres
759 772 920 854 principes
944 769 1051 850 effert,
1077 769 1117 834 de
1140 769 1269 834 comicis
1294 770 1327 833 in
1350 769 1419 833 uni-

199 895 326 939 versum
353 872 475 938 iudicat
503 894 668 956 unumque
697 872 913 939 Menandrum
941 874 1117 957 praecipuo
1149 872 1297 937 conlocat
1329 873 1416 952 loco;

200 999 239 1042 ex
274 998 391 1060 magno
428 976 654 1041 historicorum
690 995 788 1059 grego
821 977 963 1061 quinque
996 983 1104 1058 notat,
1143 997 1182 1040 ex
1214 973 1416 1058 philosophis

199 1085 330 1164 praeter
344 1079 567 1163 Pythagoreos
586 1079 842 1164 Xenophontem
864 1080 1037 1146 Platonem
1053 1077 1265 1143 Aristotelem
1288 1078 1421 1161 eiusque

200 1181 374 1265 discipulos
416 1203 480 1247 uno
523 1203 658 1248 recensu
695 1189 831 1267 spectat.
870 1205 1009 1268 quornm
1046 1181 1188 1269 omnium
1224 1181 1421 1264 scriptorum

201 1305 339 1350 canones
368 1283 471 1349 multo
499 1284 672 1369 ampliores
701 1287 799 1352 etiem
822 1285 970 1370 Dionysii
1000 1290 1107 1350 aetate
1130 1284 1302 1349 exstabant
1325 1291 1423 1367 atque

200 1387 242 1452 ad
271 1409 330 1453 nos
367 1394 591 1470 pervenerunt.
635 1411 740 1473 neque
768 1389 830 1472 ipsi
853 1389 1009 1473 Dionysio
1038 1387 1193 1471 incogniti
1223 1392 1332 1469 erant,
1368 1389 1424 1469 qni

202 1513 228 1556 e.
256 1513 286 1574 g.
315 1497 446 1574 praeter
467 1492 649 1558 Pindarum
680 1492 900 1559 Stesichorum
931 1490 1130 1558 Simonidem
1152 1490 1310 1555 Alcaeum
1339 1490 1424 1554 inter

201 1594 318 1678 lyricos
334 1595 525 1679 praecipuos
543 1595 752 1679 Sapphonem
769 1601 801 1660 et
815 1595 1057 1660 Anacreontem
1072 1593 1234 1660 referebat
1249 1593 1304 1677 (de
1320 1614 1422 1676 comp.

198 1697 284 1762 verb.
313 1701 353 1762 23
381 1719 412 1781 p.
443 1702 519 1778 1733
558 1699 598 1764 de
627 1697 711 1764 adm.
740 1697 771 1762 11
806 1697 867 1762 dic.
895 1697 989 1763 Dem.
1018 1701 1059 1761 40
1091 1718 1122 1780 p.
1154 1697 1267 1779 1079),
1305 1696 1353 1760 111
1385 1701 1423 1760 11

199 1803 264 1866 iam
293 1823 358 1867 non
388 1801 551 1881 miremur,
584 1801 671 1884 quod
703 1823 742 1867 ex
772 1801 882 1867 decem
912 1800 1004 1865 bonis
1035 1798 1235 1878 oratoribus,
1267 1804 1306 1863 ut
1338 1820 1423 1881 qnae

199 1905 333 1988 propria
354 1905 423 1970 eius
445 1905 608 1988 provincia
630 1909 724 1986 esset,
747 1904 861 1970 eadem
876 1904 1002 1969 ratione
1018 1924 1074 1968 sex
1089 1903 1227 1986 optimos
1243 1902 1422 1985 Dionysius

200 2009 334 2074 secreuit
366 2008 499 2091 Lysiam
531 2008 710 2073 Isocratem
741 2008 871 2072 Isaeum
907 2007 957 2072 111
994 2006 1089 2070 huius
1125 2006 1197 2070 loco
1233 2004 1422 2088 Lycurgum

199 2107 453 2176 Demosthenem
488 2111 685 2176 Aeschinem
720 2109 962 2194 Hyperidem.¹)
1020 2130 1119 2193 quam
1163 2107 1263 2192 probe
1282 2108 1424 2172 'noverit

201 2215 354 2279 maiorem
369 2235 545 2293 numerum,
569 2210 644 2278 inde
660 2212 697 2276 fit
712 2220 876 2296 apertum,
901 2211 988 2296 quod
1010 2213 1032 2277 1.
1049 2233 1075 2276 1.
1092 2211 1212 2277 omittit
1225 2211 1422 2295 Lycurgum,

201 2317 332 2381 Isaeum
361 2317 518 2399 singulari
542 2317 768 2382 dissertatione
788 2321 971 2400 percenset,
1001 2314 1085 2380 idem
1109 2314 1312 2380 Dinarchum
1335 2314 1423 2397 apud

201 2419 319 2484 multos
342 2419 467 2503 aliquid
490 2420 598 2484 111111
620 2418 721 2484 habet
742 2421 906 2502 cognitum
929 2441 1034 2502 neque
1057 2418 1196 2502 denique
1217 2419 1302 2483 inter
1318 2424 1423 2482 certos

200 2520 280 2586 fines
303 2521 445 2588 cohiberi
468 2543 501 2587 11
523 2543 646 2605 pessus,
669 2543 867 2606 quamquam
881 2543 1000 2605 paucos
1014 2527 1229 2606 proposuerat
1246 2522 1420 2604 scriptores

198 2624 389 2705 imitandos,
413 2631 521 2691 tamen
544 2626 641 2690 etiam
663 2625 703 2689 de
725 2625 798 2689 aliis
820 2626 913 2690 bonis
937 2625 1122 2690 oratoribus
1145 2624 1313 2689 occasione
1344 2623 1423 2688 data

199 2728 355 2793 nonnulla
381 2728 488 2793 refert.
515 2728 681 2793 rarissima
707 2727 837 2811 quidem
866 2736 914 2794 est
937 2729 1152 2812 Antiphontis
1181 2733 1214 2792 et
1240 2726 1421 2792 Andocidis

199 2830 314 2896 habita
341 2831 442 2910 ratio;
473 2831 530 2901 ¹sed
559 2832 598 2897 de
620 2830 790 2896 Andocide
818 2851 920 2915 aeque
948 2838 1047 2915 atque
1076 2831 1116 2895 de
1144 2831 1216 2894 aliis
1240 2851 1278 2894 ex
1301 2829 1423 2895 decade

200 2933 384 2998 oratoribus
406 2934 561 3016 peculiari
583 2933 693 2998 libello
716 2933 915 3020 disseruit,²)
945 2936 1036 2999 cuius
1059 2934 1221 2998 orationes
1243 2954 1307 2997 non
1328 2931 1423 2997 facile

201 3035 393 3101 crediderim
421 3037 612 3120 Dionysium
641 3043 917 3120 pertractaturum
946 3037 1053 3117 fuisse,
1084 3037 1146 3100 nisi
1174 3034 1361 3100 Andocides
1388 3036 1422 3099 in

201 3139 324 3204 honore
347 3139 456 3221 aliquo
478 3138 610 3220 fuisset3
633 3141 695 3223 ipsi
718 3161 796 3206 sane
811 3140 971 3225 Dionysio
992 3161 1057 3204 non
1079 3159 1144 3204 uno
1166 3139 1303 3204 nomine·
1316 3160 1423 3223 repre-

200 3241 389 3307 hendendus
415 3240 594 3306 videbatur.
641 3242 744 3308 eidem
765 3243 980 3326 Antiphontis
1008 3242 1101 3308 nimis
1130 3247 1260 3306 austera
1292 3263 1419 3326 compo-

200 3345 274 3410 sitio
300 3343 433 3428 perinde
460 3351 558 3429 atque
586 3344 785 3429 Thucydidis
814 3346 988 3430 displicuit.
1032 3351 1169 3427 uterque
1193 3350 1304 3410 orator
1326 3346 1420 3410 nimis

199 3449 230 3512 ei
259 3449 383 3531 priscus
411 3451 494 3527 erat,
525 3447 683 3530 siquidem
710 3471 741 3532 p.
772 3453 833 3514 541
864 3471 936 3513 cum
960 3447 1131 3514 Calamide
1160 3454 1192 3512 et
1219 3446 1421 3514 Callimacho
1494 3462 1496 3466 ‘

199 3550 306 3634 ipsum
321 3549 454 3634 Lysiam
470 3550 603 3632 confert,
622 3551 799 3618 Isocratem
815 3572 888 3617 cum
903 3551 1063 3635 Polyclito
1080 3557 1113 3616 et
1125 3550 1254 3630 Phidia,
1270 3549 1421 3635 idemque

199 3674 230 3736 p.
255 3657 315 3718 591
339 3652 459 3737 Lysiae
481 3653 592 3718 stilum
614 3673 686 3718 cum
710 3657 848 3741 γραφαῖς
870 3647 1026 3739 ἀρχαίαις,
1054 3655 1140 3719 Ι1111
1163 3675 1237 3719 cum
1258 3656 1332 3730 ταῖς
1352 3653 1420 3734 μετ’

200 3751 358 3832 1111111ςί.
375 3777 401 3821 1.
417 3755 652 3822 recentioribus
668 3763 845 3841 comparat.
877 3757 933 3822 sed
949 3757 1027 3840 quid
1042 3757 1159 3842 plura?
1192 3757 1286 3822 nimis
1297 3763 1421 3822 veteres

199 3858 270 3923 illos
293 3863 437 3925 oratores
454 3882 474 3926 1
489 3860 609 3926 decade
626 3859 771 3943 exclusit,
788 3863 913 3926 ceteros
929 3865 1002 3926 octo
1016 3860 1091 3944 plus
1106 3861 1250 3926 minusve
1265 3860 1418 3945 probavit

288 4149 309 4217 ¹)
327 4148 403 4202 idem
415 4150 538 4206 vidimus
551 4151 640 4222 egisse
654 4149 859 4219 Quintilianum
872 4149 899 4204 X
913 4151 935 4216 1,
946 4143 1049 4205 76-80
1062 4149 1108 4220 (cf.
1121 4167 1148 4218 p.
1160 4153 1176 4202 6
1189 4151 1250 4216 111),
1264 4149 1312 4216 qui
1324 4151 1421 4202 tamen

201 4234 335 4290 decadem
363 4236 477 4292 disertis
507 4241 710 4291 commemorat
733 4237 838 4303 verbis,
866 4253 903 4290 ex
930 4253 984 4304 qua
1012 4236 1134 4304 quinque
1161 4235 1421 4303 praestantissimos

200 4321 239 4374 sel
277 4321 308 4376 ‘.

240 4326 309 4477 θέιξ)
326 4409 360 4463 cf.
379 4408 471 4474 Β1111,
491 4408 541 4462 GB
562 4410 623 4476 1733
643 4408 672 4463 G.
691 4407 741 4463 Th.
761 4407 902 4475 Roessler,
927 4407 1012 4463 Dion.
1031 4406 1067 4461 Η.
1088 4407 1184 4475 script.
1203 4406 1287 4459 rhett.
1311 4406 1420 4474 fragm,

200 4490 265 4547 dies.
283 4492 362 4564 Lips.
383 4495 449 4548 1873
467 4511 495 4564 p.
513 4494 555 4548 25.
