3362 5216
765 319 805 390 61

687 413 890 422 ψ

176 552 224 614 ep.
257 525 276 594 I
310 533 339 609 5,
373 530 391 592 9
426 535 672 612 commemorat,
709 531 799 596 cuius
836 529 876 596 dc
913 529 980 596 1111
1017 527 1098 595 haec
1135 525 1235 596 habet
1268 525 1409 596 Horatii

176 634 351 698 scholiasta
399 631 599 715 Porphyrio:
675 634 839 713 ‚Moschus
892 633 945 698 hic
998 633 1237 716 Pergamenus,
1291 635 1403 700 rhetor

175 736 405 816 nobilissimus,
437 757 510 800 reus
540 733 684 800 veneficii
712 736 787 818 fuit,
828 738 917 801 cuius
950 757 1082 802 oausam
1113 759 1153 800 cx
1182 737 1295 820 primis
1324 742 1403 802 tunc

175 845 320 904 oratores
351 845 499 922 egerunt,
530 838 717 921 Torquatus
739 841 793 904 hic
816 877 858 886 -·-
880 847 912 904 et
935 839 1072 904 Asinius
1094 839 1222 904 Pollio!
1267 838 1402 903 Horatii

177 942 348 1025 epistulam
379 943 406 1007 si
436 964 463 1007 c.
495 946 536 1005 20
567 963 595 1006 a.
621 939 681 1006 Oh.
712 943 925 1025 compositam
960 961 1030 1006 esse
1059 963 1119 1024 pro
1151 947 1315 1024 comperto
1350 962 1402 1006 ac-

178 1045 354 1127 ceperimus
364 1045 412 1130 1),
438 1066 585 1125 causam,
618 1066 683 1126 qua
703 1045 857 1110 Moschus
884 1045 1058 1129 implicitus
1082 1050 1165 1125 erat,
1195 1044 1304 1128 paullo
1326 1050 1402 1108 ante

176 1145 271 1212 fuisse
311 1151 491 1212 statuemus
526 1146 759 1229 Moschumque
798 1149 905 1231 ipsum
940 1169 966 1212 c.
1002 1151 1043 1212 25
1077 1147 1203 1212 Romae
1237 1148 1402 1212 rhetorem

79 1291 84 1300 ·
177 1250 410 1314 nobilissimum
437 1250 585 1316 floruisse
616 1250 855 1314 contendemus.
922 1271 994 1314 cum
1024 1249 1186 1314 Bursiano
1218 1249 1316 1332 faci0,
1347 1252 1402 1335 qui

178 1355 277 1414 contr.
302 1349 373 1416 VII
397 1357 477 1432 3,8
509 1351 617 1438 (codd.
645 1374 794 1434 nuscum,
828 1351 866 1416 cf.
893 1353 974 1416 ΙΙ5
1003 1351 1088 1437 (13),
1120 1356 1174 1415 13:
1203 1373 1336 1416 noscum
1357 1353 1401 1434 A,

177 1473 320 1516 moseum
342 1453 419 1534 ΒΤ,
444 1454 490 1538 V)
523 1461 556 1518 ot
584 1455 621 1518 X
648 1455 750 1538 praef.
783 1460 821 1518 10
852 1455 958 1538 (codd.
990 1453 1109 1540 Oscos)
1132 1453 1259 1519 Moschi
1286 1475 1403 1520 nomen

177 1556 414 1620 restituendum
442 1577 511 1622 esse
542 1559 674 1622 iudicat.
718 1559 783 1622 iam
813 1557 855 1621 ad
881 1557 1043 1622 inferioris
1066 1557 1182 1622 aetatis
1206 1556 1314 1622 studia
1340 1557 1403 1620 dis-

180 1659 381 1740 putationem
403 1659 576 1724 deducturi
590 1661 744 1742 Pergami
767 1662 865 1724 etiam
886 1667 962 1743 post
977 1659 1144 1726 Christum
1167 1665 1280 1723 natum
1295 1659 1404 1724 studia.

177 1760 339 1825 rhetorica
361 1782 426 1825 non
449 1764 608 1827 exstincta
631 1785 700 1828 esse
723 1763 1018 1828 animadvertimus.
1064 1763 1181 1826 etenim
1206 1783 1278 1826 cum
1299 1761 1402 1826 altero

180 1863 309 1927 saeculo
333 1863 442 1928 studia
465 1867 609 1930 oratoria
624 1871 890 1947 retractarentur,
914 1866 1012 1931 etiam
1028 1863 1181 1947 Pergami
1198 1865 1401 1955 exstiterunt,

180 1965 234 2050 qui
269 1967 411 2050 priscam
448 1967 584 2051 gloriam
620 1973 827 2048 revocarent,
866 1989 1004 2052 quorum
1037 1967 1187 2050 princeps
1221 1967 1402 2032 Aristocles

180 2069 296 2132 eximia
318 2067 456 2135 florebat
470 2072 663 2136 auctoritate
681 2070 851 2156 (Philostr.
868 2093 896 2135 1.
914 2069 1005 2153 soph.
1022 2069 1061 2133 Π
1076 2073 1122 2144 3).
1168 2069 1235 2134 eius
1252 2069 1403 2152 discipuli

179 2175 212 2233 ct
243 2171 304 2254 ipsi
340 2171 532 2238 excellentes
569 2179 662 2238 erant
689 2173 883 2238 Heraclides
911 2172 1031 2255 Lycius
1061 2170 1161 2262 (Phil.
1191 2172 1305 2248 11111
1336 2172 1402 2256 26),

179 2271 283 2336 Rufus
325 2273 514 2340 Perinthius
558 2277 613 2359 (ib.
660 2279 727 2360 17),
776 2275 969 2340 Euodianus
1001 2275 1196 2356 Smyrnaeus
1239 2273 1296 2357 (ib.
1338 2275 1402 2360 16),

179 2375 411 2441 Athenodorus
442 2379 498 2461 (ib.
530 2382 582 2456 14;
610 2378 648 2443 cf.
679 2379 747 2464 11),
784 2377 1005 2462 imprimisque
1035 2375 1203 2440 Aristides
1232 2373 1403 2442 Adrianus

179 2477 235 2564 (ib.
254 2479 298 2564 9),
322 2479 542 2563 sophistarum
564 2481 650 2545 illius
673 2480 789 2545 aetatis
812 2481 972 2563 princeps.
1009 2479 1095 2543 inter
1116 2479 1264 2544 rhetores
1282 2474 1402 2544 eddoad

177 2601 254 2661 μους
277 2579 408 2646 Chresti
431 2583 606 2668 discipulos
629 2582 769 2646 refertur
792 2582 987 2646 Nicomedes
1009 2575 1081 2646 ὁὲκ
1096 2583 1155 2645 τοῦ
1170 2580 1342 2668 Περγάμου
1360 2583 1402 2649 ab

179 2683 290 2746 eodem
302 2683 507 2750 Philostrato
524 2686 583 2750 1.1.
600 2686 638 2750 II
659 2690 707 2749 11.
751 2683 945 2750 Marcellum
963 2683 1126 2769 quendam
1142 2685 1306 2750 rhetorem
1322 2685 1402 2751 Per-

179 2806 351 2866 gamenum
367 2787 474 2853 adfert
490 2788 610 2854 Suidas
626 2809 651 2852 a.
668 2811 697 2853 1.
713 2793 763 2853 M.
776 2786 879 2875 ῥήτωρ
889 2784 1106 2874 Περγαμηνὸς.
1139 2781 1261 2874 ἔγραψε
1277 2785 1403 2872 βιβλίον

174 2882 340 2975 Ἆδριανὸν
373 2885 393 2978 ἢ
421 2889 497 2977 περὶ
527 2887 702 2975 βασιλείας.
745 2892 894 2971 1111111111,
930 2891 986 2974 qui
1005 2891 1171 2976 singulari
1196 2891 1292 2956 laude
1318 2891 1404 2956 inter

182 2997 305 3057 veteres
329 2992 518 3076 excellebat,
540 3001 589 3058 est
612 2993 759 3060 Galenus
782 3000 878 3058 natus
901 2999 962 3059 131
985 3017 1016 3079 p.
1040 2993 1111 3075 uh,
1134 2994 1260 3078 dequo
1283 2994 1402 3060 Suidas

179 3117 203 3158 s.
226 3119 253 3160 1.
277 3097 360 3162 haec
388 3097 514 3160 tradit:‘
529 3133 571 3144 —
594 3092 611 3162 ὁ
635 3093 871 3184 διασημότατος
892 3091 1059 3184 ἰατρὸς-
1076 3094 1185 3162 πολλὰ
1205 3095 1403 3177 συντεταχώς

156 3191 307 3285 ’ἰατρικά
329 3221 364 3263 τε
386 3197 442 3263 καὶ
465 3197 647 3288 malducum,
675 3195 724 3265 ἔτι
747 3197 783 3264 δὲ
806 3197 1012 3286 γραμματικὰ
1034 3198 1091 3264 καὶ
1113 3195 1277 3287 ῥητορικά,
1306 3197 1401 3266 ἅτινα

177 3299 231 3368 διὰ
266 3299 303 3366 τὸ
341 3305 445 3367 πᾶσιν
481 3295 562 3370 εἶναι
599 3301 742 3390 γνώριμα
777 3300 964 3387 καταλέγειν
1002 3297 1134 3390 ἄκαιρον
1170 3299 1333 3391 ἡγησάμην
1368 3299 1403 3367 ἔν

177 3408 222 3491 τῷ
253 3403 402 3492 παρόντι.
453 3407 571 3489 quibus
605 3408 762 3472 absolutis
793 3407 964 3471 nemodum
998 3406 1177 3488 dubitabit,
1212 3407 1290 3489 quin
1324 3405 1403 3470 Per·

178 3510 264 3590 garni
301 3509 410 3573 studia
446 3511 609 3575 rhetorica
645 3532 747 3594 usque
784 3531 910 3575 summo
947 3511 1057 3593 vigore
1093 3509 1271 3574 floruerint.
1335 3509 1403 3572 illic

173 3604 276 3696 ‘1gitur
311 3613 433 3678 maiore
469 3614 554 3696 iure,
592 3635 691 3698 quam
728 3613 952 3678 Alexandriae
991 3611 1168 3698 1111111111)
1205 3612 1402 3678 schoh0rum

263 3883 285 3952 ²)
304 3883 334 3937 0.
354 3883 475 3952 Franks,
494 3883 564 3938 fasti
582 3883 744 3951 Horatiani,
764 3885 859 3940 Berol.
879 3887 948 3940 1839
966 3902 992 3955 p.
1011 3885 1162 3940 acl-eoa

266 3967 288 4037 ²)
307 3986 342 4021 ne
366 3983 462 4022 omnes
489 3974 635 4024 oratorum
655 3970 838 4040 biographias
861 3972 896 4025 ab
915 3971 1119 4028 Alexandrinis
1144 3970 1337 4040 grammaticis
1357 3988 1400 4024 re·

174 4055 310 4121 petendas
338 4073 399 4108 esse
420 4056 588 4124 credideris3
613 4059 699 4112 immo
719 4058 896 4126 reputaveris
915 4062 1021 4125 tecum,
1049 4060 1149 4127 quibus
1172 4059 1240 4114 locis
1259 4057 1401 4111 rhetorico

174 4139 205 4192 in
236 4142 334 4208 primis
363 4147 543 4196 exerceretur
569 4149 598 4197 et
622 4150 748 4198 oratores
767 4149 994 4210 recenserentur,
1017 4145 1117 4200 iisdem
1136 4148 1213 4200 certe
1229 4145 1329 4210 fuisse,
1353 4144 1402 4212 qui

176 4227 324 4294 praefandi
348 4230 442 4296 gratia
466 4235 611 4284 oratorum
633 4234 706 4286 vitas
730 4237 908 4298 enarrarent3
924 4248 992 4298 ¹quo
1016 4232 1050 4284 de
1076 4236 1185 4286 certum
1208 4231 1401 4285 testimonium

176 4315 269 4367 exstat
287 4315 436 4368 Demosth.
458 4317 507 4370 vit.
533 4336 560 4387 p.
586 4320 637 4370 302
658 4318 750 4384 West.
787 4323 865 4372 certe
882 4318 1071 4387 probabiliter
1088 4322 1124 4374 A.
1142 4318 1267 4385 Schflfer,
1287 4317 1400 4372 ZFAW

179 4401 245 4453 1848
272 4419 299 4470 p.
323 4403 376 4456 266
404 4403 526 4457 coniecit
554 4403 599 4457 Ps.
623 4403 770 4458 Plutarchi
798 4405 895 4458 decem
924 4409 1070 4458 oratorum
1095 4405 1169 4458 vitas
1196 4406 1226 4459 in
1254 4405 1400 4459 rhetorum

177 4485 280 4540 rroholi
299 4505 361 4542 esse
380 4493 504 4555 exortas,
523 4490 688 4544 dubitanter
709 4491 846 4560 cogitavit
858 4491 893 4544 de
905 4491 1041 4557 Athenis3
1061 4508 1125 4544 cum
1137 4493 1273 4561 pleraque
1286 4509 1320 4544 ex
1333 4489 1400 4544 an-

179 4573 245 4628 11110
265 4579 294 4630 11
307 4575 447 4648 Dionysio
465 4578 640 4648 decerpserit
652 4577 698 4631 Ps.
711 4577 889 4644 Plutarchus,
909 4579 944 4632 de
957 4578 1104 4632 rhetorum
1122 4578 1152 4630 in
1164 4580 1235 4634 Asia
1244 4577 1400 4650 vigentium

1230 4681 1247 4737 d
