3362 5216
771 259 809 322 17

157 486 331 552 ,canonem
363 462 506 530 nondum
534 471 592 530 aut
620 466 856 547 Alexandriae,
888 488 954 552 quc
985 489 1014 533 a.
1052 471 1113 532 144
1145 487 1179 531 se
1213 463 1395 531 contulerat

177 569 361 652 Scipionem
382 567 526 651 legatum
548 570 720 634 comitatus
731 571 766 654 ¹),
789 577 847 636 aut
862 571 1024 654 Pergami,
1047 573 1105 636 ubi
1120 571 1261 636 Cratetis
1277 569 1395 634 scholis

176 671 378 752 interfuerat,
402 678 514 736 notum
534 671 633 737 fuisse
653 675 869 740 coniceremus
884 674 1040 758 firmoque
1055 675 1267 739 inniteremur
1282 672 1395 736 funda-

179 782 297 856 mento,
319 776 354 840 iu
377 796 441 859 quo
465 782 573 840 cetera
594 783 842 843 exstrueremus.

267 896 333 964 Sed
363 897 461 961 misso
490 897 552 961 hoc
581 905 771 982 argumento
802 899 846 964 ad
872 900 1024 978 alterum,
1060 898 1147 981 quod
1170 919 1209 962 ex
1232 897 1398 960 Demetrio

179 1000 332 1084 Magnete
353 1006 391 1064 ut
401 1002 532 1082 gravius
547 1002 697 1084 repetivit
719 1001 830 1082 Meier,
854 1023 912 1068 nos
935 1009 1170 1066 convertamus.
1202 1001 1398 1080 Demetrius,

182 1103 347 1180 Ciceronis
380 1106 526 1188 aequalis
557 1104 736 1190 Atticoque
769 1104 975 1170 familiariter
1007 1126 1099 1185 usus,
1134 1107 1167 1168 in
1200 1105 1398 1170 nobilissimo

182 1204 257 1292 περὶ
285 1201 462 1288 ὁμωνύμων
489 1227 587 1289 opere
615 1208 655 1273 de
683 1209 858 1274 Dinarchis
889 1206 970 1273 haec
997 1209 1187 1291 perscripsit
1214 1209 1326 1294 (Dion.
1355 1205 1399 1271 H.

183 1331 214 1393 p.
228 1314 320 1394 631);
344 1307 533 1395 Δεινάρχοις
555 1308 584 1374 d'
598 1308 781 1395 ἐνετύχομεν
801 1308 958 1396 τέταρσιν,
983 1298 1028 1374 ὧν
1050 1309 1137 1375 ἐστιν
1159 1307 1176 1375 ὁ
1199 1309 1258 1393 μὲν
1280 1309 1315 1375 ἐκ
1337 1313 1402 1374 τῶν

181 1409 320 1500 ῥητόρων
340 1415 406 1476 τῶν
423 1407 596 1493 Ἀττικῶν·
617 1416 717 1479 trium
732 1414 847 1479 deinde
864 1412 1002 1479 aliorum
1017 1414 1258 1480 Dinarchorum
1273 1415 1402 1479 brevem

183 1518 385 1582 notationem
400 1517 519 1599 excipit
534 1516 694 1606 χαρακτὴρ
708 1517 867 1583 Dinarchi
883 1525 1035 1583 accurate
1051 1518 1242 1601 descriptus.
1277 1539 1400 1598 ,nonna

184 1619 292 1703 inquit
305 1619 416 1700 Meicr,
440 1621 468 1684 si
490 1621 682 1686 selectorum
704 1621 815 1686 decem
838 1626 1004 1685 oratorum
1027 1643 1130 1686 canon
1151 1628 1221 1686 tum
1241 1621 1304 1684 iam
1320 1626 1404 1684 esset

182 1728 342 1804 receptus,
366 1723 549 1805 scripsisset
569 1726 678 1807 potius
701 1721 738 1788 ἐκ
758 1727 824 1788 τῶν
845 1720 940 1788 δέκα
968 1719 1107 1811 ῥητόρων
1132 1727 1197 1788 τῶν
1214 1719 1402 1790 Mactaris?

185 1824 266 1890 adeo
287 1847 352 1890 uon
374 1845 433 1908 ego
456 1826 518 1892 hoc
539 1826 787 1906 adfirmaverim,
809 1833 847 1891 ut
869 1832 983 1891 contra
997 1828 1155 1893 Maiarum
1177 1834 1404 1911 argumentum

184 1927 259 1993 inde
293 1928 475 2009 desumam;
508 1931 588 1996 mihi
620 1931 705 1996 enim
738 1952 777 1995 ex
808 1931 904 1995 titulo
934 1931 1065 1996 insolito
1100 1937 1132 1995 et
1165 1952 1264 2013 quam
1292 1929 1405 1993 debuit

183 2030 363 2117 longiore2)
398 2033 460 2097 hoc
499 2035 702 2117 potissimum
735 2038 873 2116 apparet
905 2034 1073 2098 Demetrio
1112 2040 1237 2098 certum
1275 2053 1405 2097 censum

185 2139 350 2200 oratorum
382 2135 584 2216 Atticorum,
625 2139 677 2202 cui
718 2136 905 2202 Dinarchus
943 2136 1174 2200 adnumeratus
1210 2136 1324 2214 fuerit,
1364 2135 1404 2199 ob

187 2237 297 2302 oculos
323 2259 393 2302 esse
421 2246 600 2319 versatum,
630 2261 727 2324 quem
755 2260 885 2304 censum
912 2238 1049 2303 cundem
1079 2260 1150 2303 cum
1182 2237 1304 2302 decade
1337 2259 1407 2301 ora·

187 2345 295 2403 torum
328 2339 515 2405 Atticorum
542 2340 642 2405 fuisse
675 2363 874 2426 quamquam
909 2362 972 2406 non
1013 2363 1072 2425 pro
1109 2347 1198 2406 certo
1235 2340 1406 2405 adfirmare

189 2442 274 2522 licet,
296 2446 408 2506 tamen
427 2444 495 2508 veri
517 2465 587 2509 esse
610 2444 806 2509 simillimum
828 2445 923 2509 facile
945 2445 1037 2511 nobis
1059 2442 1331 2528 persuademus.³)

193 2569 196 2574 ·
278 2543 376 2610 Nunc
392 2548 547 2630 quoniam
561 2547 676 2612 Meieri
691 2553 890 2631 argumenta,
905 2548 1023 2631 quibus
1040 2568 1195 2613 canonem
1210 2547 1321 2611 decem
1337 2567 1406 2609 ora-

190 2653 298 2713 torum
317 2654 393 2713 aute
409 2648 545 2715 Caecilii
559 2656 707 2735 tempora
722 2650 866 2716 nondum
881 2652 979 2716 fuisse
993 2657 1106 2716 notum
1116 2650 1256 2733 probare
1272 2649 1407 2714 studuit.

191 2751 238 2816 ita
263 2753 472 2833 correximus,
489 2758 535 2833 ut,
558 2753 647 2838 quod
662 2753 702 2817 de
717 2753 877 2819 Panaetio
894 2753 984 2835 dixit,
1000 2753 1190 2818 dubitanter
1207 2753 1338 2836 quidem
1360 2774 1409 2815 re-

193 2855 382 2938 ceperimus,
398 2855 558 2921 Demetrii
574 2856 673 2922 verba
694 2857 723 2921 si
744 2858 849 2922 minus
872 2857 913 2922 de
935 2855 1066 2937 decade,
1090 2862 1235 2922 attamen
1258 2855 1297 2932 de
1321 2863 1410 2919 certo

194 3048 396 3058 --—-—-—-—

101 3251 105 3260 ,
266 3199 289 3269 ¹)
307 3197 494 3272 Posidonium
521 3177 650 3254 Stoicum
677 3200 732 3254 iter
762 3217 828 3255 cum
853 3199 990 3254 Africano
1019 3198 1117 3253 fecisse
1146 3213 1295 3266 perperam
1325 3197 1411 3248 tradit

193 3286 300 3340 Athen.
327 3283 387 3340 XII
421 3305 448 3356 p.
478 3285 576 3356 549d03
605 3285 677 3341 XIV
706 3303 733 3355 p.
756 3279 826 3340 8571.
853 3302 927 3339 anuo
953 3286 1002 3340 136
1024 3283 1225 3338 Alexandriam
1248 3282 1412 3336 Panaetium

199 3372 318 3442 petiisse
337 3372 444 3427 conicit
461 3372 491 3427 0.
510 3373 637 3439 Mueller,
655 3372 737 3427 ΓΗΘ
752 3371 801 3426 ΙΙΙ
818 3373 877 3426 245.
896 3369 956 3426 251.

285 3459 307 3529 ²)
324 3459 422 3529 potuit
438 3460 514 3514 cuim
533 3462 624 3514 solum
643 3456 658 3514 ὁ
675 3463 726 3528 μὲν
743 3458 834 3533 ῥήτωρ
852 3458 921 3526 dici;
940 3459 1049 3512 nullum
1067 3456 1096 3509 in
1114 3454 1239 3524 reliquiis
1261 3454 1413 3508 aScheur-

196 3545 272 3601 learo
294 3547 313 3601 1.
332 3563 356 3600 ο.
383 3546 518 3602 conlectis
536 3546 632 3600 inveni
649 3546 817 3616 exemplum,
841 3544 891 3599 ubi
908 3561 924 3598 a
942 3542 1064 3613 simplici
1087 3541 1255 3598 nominativi
1273 3541 1362 3593 forma
1385 3540 1414 3591 in

199 3633 348 3688 attributis
365 3633 514 3688 recesserit
532 3634 590 3688 sive
602 3631 767 3686 Demetrius
785 3632 844 3686 sive
862 3631 933 3685 alius
951 3631 1014 3698 quis
1031 3633 1130 3684 auctor
1141 3629 1267 3682 indicum
1280 3627 1414 3693 homony-

196 3736 307 3774 morum
326 3737 343 3772 a
361 3719 477 3774 Laertio
495 3719 665 3772 traditorum
683 3715 851 3788 (Favorinus
870 3734 885 3771 e
903 3715 1015 3770 Maassii
1033 3720 1050 3771 l.
1069 3717 1087 3771 1.
1105 3734 1131 3786 p.
1150 3717 1184 3768 23
1196 3728 1254 3782 sqq.
1274 3713 1416 3766 sententia

197 3823 232 3860 ne
256 3807 307 3860 illa
324 3807 439 3876 quidem
462 3806 531 3860 satis
548 3805 698 3876 probabili,
724 3805 758 3859 of.
777 3803 814 3859 H.
833 3803 921 3868 Diels,
949 3802 1024 3858 Dua
1042 3802 1074 3857 11
1092 3803 1158 3856 1881
1183 3819 1210 3868 p.
1229 3801 1245 3852 6
1264 3801 1327 3868 sq.);
1347 3815 1369 3851 e.
1388 3815 1415 3866 g.

197 3908 224 3960 p.
246 3893 293 3946 23:
328 3892 456 3966 γεγόνασι
481 3894 613 3962 Αἰσχίναι
635 3886 707 3945 ὀκτώ
728 3933 733 3944 .
753 3930 760 3944 .
780 3930 786 3945 .
807 3933 812 3944 .
837 3897 927 3963 τρίτοι
945 3887 960 3945 ὁ
978 3889 1068 3962 ῥήτωρ
1091 3884 1195 3942 ἕνκατὰ
1219 3887 1415 3955 Δημοσθένην·

197 3995 224 4048 p.
256 3981 304 4034 29:
337 3976 515 4055 Ἀναξαγόραι
539 4019 546 4033 .
566 4023 572 4037 .
592 4020 598 4034 .
622 3975 637 4035 ὅ
660 3982 712 4048 μὲν
732 3967 769 4046 ἦν
791 3973 1085 4051 ῥήτωρ’1σοκριὶτειος;
1120 3992 1147 4043 p.
1172 3975 1213 4026 36.
1237 3973 1279 4025 55.
1305 3973 1345 4025 77.
1373 3971 1415 4024 81.

197 4068 230 4120 81
249 4084 303 4136 sq.;
326 4085 353 4137 p.
375 4071 421 4124 89:
459 4069 535 4124 inter
558 4066 687 4122 Oratetes
714 4063 842 4118 adfertur
864 4062 986 4138 δεύτερος
1008 4061 1100 4142 ῥὴταρΙ
1127 4058 1282 4135 Τραλλιανὸς
1301 4054 1417 4129 ’,Ισονρά-

197 4173 274 4210 τινος.

270 4239 291 4310 ⁸)
309 4240 398 4296 Meier
415 4241 475 4310 ipse
493 4258 520 4310 p.
541 4239 586 4295 XI
600 4262 630 4287 =
646 4238 695 4292 136
713 4253 770 4290 non
788 4235 842 4290 sibi
855 4234 967 4289 videtur
985 4235 1123 4297 constare,
1143 4249 1206 4285 cum
1223 4231 1338 4285 titulum
1351 4230 1419 4284 libri

200 4327 383 4383 Philostratei
401 4325 539 4400 capiccio
557 4329 727 4396 ζητουμένων
744 4321 821 4396 παρὰ
839 4327 895 4378 τοῖς
913 4321 1042 4394 ῥήτορσιν
1066 4318 1130 4384 ,nisi
1142 4319 1210 4387 quid
1228 4336 1257 4371 se
1275 4317 1419 4380 fefellerit,

200 4414 353 4469 addacem
374 4415 438 4468 illos
462 4416 588 4468 oratores
607 4411 760 4482 pertinere‘
784 4408 898 4473 iudicet,
927 4423 1095 4474 quamquam
1113 4406 1168 4459 hoc
1187 4422 1251 4458 sane
1270 4406 1295 4457 ei
1314 4403 1420 4472 largior

201 4501 386 4560 libentissime
404 4499 572 4554 Philostrati
590 4503 718 4568 tempore
736 4495 850 4552 decadis
868 4511 949 4549 usum
966 4494 1022 4548 iam
1040 4494 1131 4547 multo
1150 4491 1234 4544 latius
1251 4491 1383 4560 patuisse.

1250 4594 1267 4646 8
