3362 5216
702 285 904 379 ,51-

190 505 309 571 eosque
348 484 647 568 praestantissimos
682 506 750 550 esse
784 485 913 549 electos.
970 483 1058 566 quod
1093 505 1133 547 nc
1172 482 1338 562 miremur,
1373 480 1414 546 de

190 589 320 671 scriptis
336 593 369 652 et
384 587 596 671 scriptoribus
612 607 665 652 eos
681 586 884 669 potissimum
899 585 1044 652 iudicare
1059 606 1153 670 posse
1165 585 1413 664 meminerimus,

190 691 307 772 quibus
330 689 601 754 bibliothecarum
625 709 702 772 opes
717 689 988 772 locupletissimae
1004 693 1194 773 suppetant3
1217 688 1412 772 scriptorum

189 815 264 858 vero
287 811 459 858 censuram
481 811 640 856 canonum
664 790 933 856 conficiendorum
956 791 1051 873 quasi
1073 790 1320 855 fundamentum
1343 811 1412 854 esse

194 900 341 978 apparet.
387 895 452 958 iam
474 892 514 958 de
536 914 601 958 uno
624 891 755 974 quidem
771 892 915 958 alterove
930 899 1060 958 oratore
1075 893 1189 958 Attico
1206 893 1412 976 quaestiones

190 998 268 1063 alibi
290 1016 428 1079 quoque,
452 995 508 1061 ubi
531 1016 643 1061 eorum
665 995 828 1060 orationes
844 995 1027 1076 exstabant,
1049 996 1217 1061 institutas
1233 1017 1303 1060 esse
1318 994 1411 1060 facilc

190 1099 341 1180 concedo,
358 1104 393 1164 at
409 1097 519 1164 decem
536 1097 677 1163 omnium
694 1103 860 1162 oratorum
873 1099 1004 1182 scripta,
1021 1119 1105 1182 quae
1117 1099 1160 1164 ad
1172 1120 1304 1162 manum
1315 1097 1411 1162 fuisse

189 1223 319 1267 necesse
339 1206 402 1284 est,
425 1221 489 1265 non
512 1199 703 1265 crediderim
726 1200 804 1264 alibi
824 1201 886 1264 nisi
908 1201 940 1265 in
957 1201 1157 1265 bibliotheca
1171 1201 1281 1265 iuncta
1302 1199 1410 1264 fuisse.

189 1303 315 1368 accedit
337 1303 434 1385 quod,
458 1323 522 1384 quo
544 1308 690 1386 tempore
707 1323 861 1366 canonem
878 1302 1092 1386 compositum
1108 1323 1176 1367 esse
1192 1302 1410 1382 disseruimus,

189 1405 378 1471 Atticorum
400 1405 540 1470 imitatio
563 1404 709 1470 nondum
731 1404 941 1487 percrebruit.
986 1411 1149 1488 postremo
1165 1406 1222 1470 ubi
1237 1405 1347 1469 decem
1362 1405 1410 1468 illi

189 1507 305 1572 secreti
333 1512 422 1587 sunt,
451 1505 571 1572 ibidem
597 1506 700 1571 multo
723 1508 826 1571 maior
849 1507 948 1570 etiam
971 1512 1137 1572 oratorum
1159 1528 1312 1573 numerus
1334 1507 1412 1588 poni

193 1605 298 1690 debet,
321 1609 356 1674 id
378 1609 465 1691 quod
486 1609 519 1672 in
542 1609 622 1674 satis
638 1609 780 1692 amplam
795 1608 1028 1674 bibliothecam
1043 1630 1101 1673 nos
1117 1610 1281 1674 amandat.
1328 1609 1412 1672 hanc

191 1711 231 1775 ob
256 1732 387 1777 causam
410 1711 450 1776 de
465 1711 585 1776 Rhodo
609 1711 817 1794 cogitandum
840 1716 982 1791 nonest,
1007 1732 1079 1775 cum
1102 1710 1141 1774 de
1157 1712 1282 1793 magnis
1297 1710 1411 1775 biblio-

190 1815 294 1878 thecis
316 1814 383 1879 illic
405 1813 563 1879 institutis
586 1813 667 1878 nihil
688 1813 729 1877 sit
751 1812 919 1878 traditum.

274 1917 401 2001 Quibus
431 1916 586 2000 expositis
613 1916 751 1980 materia
778 1915 909 1997 quidem
937 1915 1068 1980 canonis
1092 1914 1309 1980 constituendi
1331 1915 1410 1979 Pcr-

190 2022 276 2104 gami
308 2019 518 2104 suppetebat;
549 2017 723 2082 fueruntne
754 2018 865 2098 etiam,
898 2019 953 2103 qui
979 2018 1118 2082 materia
1147 2016 1188 2081 ad
1212 2017 1411 2100 effingendos

188 2145 327 2189 canones
351 2123 541 2188 uterentur?
579 2141 704 2184 summo
726 2120 797 2185 iuro
820 2119 958 2186 Carolus
974 2120 1089 2200 LehrS,
1113 2120 1152 2184 de
1174 2120 1285 2185 vocab.
1304 2121 1410 2206 φιλολ.

187 2249 216 2308 p.
241 2230 302 2290 395
326 2226 408 2290 haee
430 2224 580 2290 adnotat:
612 2244 686 2302 ,non
710 2243 834 2304 omnes,
858 2223 975 2305 quibus
998 2225 1193 2306 scriptorum
1215 2223 1410 2288 existimatio

189 2328 277 2392 cordi
306 2347 467 2408 curaeque
496 2332 583 2406 erat,
616 2326 819 2409 grammatici
847 2331 954 2406 erant,
986 2325 1043 2391 sed
1065 2324 1127 2388 fnit
1150 2331 1256 2390 certus
1279 2326 1411 2410 quidam

187 2429 266 2494 ordo
296 2429 533 2507 litteratorum,
567 2429 622 2514 qui
652 2430 715 2494 toti
744 2428 795 2493 vel
825 2429 999 2510 praecipue
1029 2448 1063 2491 se
1093 2427 1122 2491 ei
1146 2427 1210 2492 arti
1241 2427 1408 2508 dederunt,

187 2553 284 2616 quam
312 2553 371 2596 nos
400 2531 612 2596 aesthetioam
641 2531 798 2596 dicimus!
839 2529 940 2594 talem
969 2529 1115 2594 ordinem
1135 2529 1289 2612 Pergami
1311 2531 1409 2596 fuisse

185 2635 269 2699 inter
291 2655 402 2699 omnes
424 2639 561 2698 constat.
606 2634 668 2698 hoc
684 2634 769 2698 enim
784 2633 870 2696 inter
885 2631 1126 2697 Alexandrinos
1143 2639 1176 2697 ct
1188 2633 1409 2716 Pergamenos

173 2743 314 2818 praeter
342 2737 409 2802 alia
433 2737 618 2802 intercessit
640 2735 827 2814 discrimen,
857 2734 945 2820 quod
967 2733 1182 2820 γραμματικοὶ
1204 2736 1275 2800 κατ’
1300 2735 1410 2824 ἐξοχὴν

185 2839 241 2918 illi,
264 2836 403 2923 κριτικοὶ
428 2839 462 2903 hi
485 2838 624 2904 fuerunt.
668 2837 900 2920 grammaticae
922 2838 1051 2902 nomine
1074 2836 1270 2920 Pergameni
1292 2845 1409 2904 cuncta

186 2941 484 3005 Alexandrinorum
512 2941 622 3005 studia
652 2946 727 3004 sunt
756 2939 909 3022 amplexi,
941 2961 960 3003 a
987 2940 1104 3024 quibus
1132 2941 1213 3005 nihil
1235 2940 1325 3006 aliud
1347 2942 1410 3005 nisi

187 3043 403 3108 instrumenta
433 3049 465 3106 et
488 3044 583 3129 quasi
605 3041 859 3124 suppellectilem
881 3042 1046 3128 quandam
1069 3041 1112 3106 ad
1138 3050 1242 3108 artem
1265 3045 1410 3108 criticam

188 3145 399 3210 exercendam
421 3145 482 3210 sibi
498 3144 738 3210 subministrari
754 3143 922 3224 dicebant,
947 3165 985 3208 ex
1001 3165 1110 3209 eorum
1127 3147 1288 3211 sententia
1303 3168 1409 3228 gram·

186 3247 323 3313 maticus
351 3253 480 3312 tantum
502 3241 750 3332 descirpserat
772 3248 886 3327 critici,
910 3248 1039 3312 criticus
1062 3241 1282 3331 ἀρχιτέκτονος
1303 3249 1409 3312 instar

186 3350 308 3429 omnia,
342 3369 424 3433 quae
456 3351 686 3432 grammaticus
716 3349 809 3432 larga
838 3371 935 3416 manu
965 3349 1141 3434 suggessit,
1175 3350 1406 3433 perlustrabat,

184 3452 372 3518 secernebat
402 3450 556 3536 quioquid
582 3457 695 3535 aptum
717 3452 889 3517 videbatur
915 3474 999 3533 esse,
1029 3458 1198 3538 certosque
1221 3453 1255 3516 in
1277 3453 1406 3518 ordines

185 3553 411 3618 distribuebat.
456 3552 544 3637 quod
573 3553 677 3618 critici
705 3552 847 3618 officium
875 3577 947 3620 oum
975 3556 1008 3619 in
1031 3555 1276 3641 quaestionibus
1299 3577 1406 3638 gram-

183 3655 308 3720 maticis
335 3654 440 3718 tribus
467 3655 670 3738 potissimum
698 3655 795 3720 rebus
823 3657 911 3720 cerni
938 3657 1182 3740 pronuntiasset
1205 3656 1321 3724 Crates
1350 3657 1404 3743 (cf.

185 3755 330 3820 Taurisc.
347 3778 398 3840 ap.
415 3755 504 3822 Sext.
521 3757 618 3840 Emp.
635 3757 706 3822 adv.
723 3757 825 3822 math.
841 3757 939 3822 1654
957 3779 1004 3840 sq.
1022 3757 1122 3843 Bkk.)
1147 3759 1227 3823 etin
1243 3753 1404 3846 ἱστορικῷ,

116 3887 121 3895 ·
174 3847 239 3923 'ubi
254 3879 327 3923 cum
341 3858 491 3943 paranda
506 3865 592 3924 esset
606 3853 625 3946 r]
644 3854 850 3946 προχειρότης
861 3863 917 3947 τῆς
928 3853 1092 3942 essaenos
1103 3858 1180 3948 ὕλης
1196 3863 1406 3942 ,examinaret

182 3959 377 4024 traditarum
407 3961 633 4041 historiarum,
664 3981 748 4043 quae
778 3983 887 4042 verae,
918 3982 1000 4047 quae
1028 3963 1131 4030 falsae
1156 3969 1283 4045 essent‘,
1316 3972 1348 4030 et
1369 3967 1403 4030 in

182 4065 324 4146 τριβικῴ,
347 4063 394 4126 ita
415 4068 453 4126 ut
475 4063 689 4146 distingueret
712 4064 911 4146 singulorum
933 4066 1127 4149 scriptorum
1143 4063 1201 4141 τὰς
1218 4065 1404 4142 διαλέκτους

182 4160 236 4227 καὶ
261 4160 321 4238 τὰς
350 4162 509 4252 διαφορὰς
538 4168 603 4229 τῶν
634 4163 836 4247 πλασμάτων
866 4163 923 4230 καὶ
952 4166 1171 4255 χαρακτήρων,
1204 4168 1341 4254 denique
1369 4171 1403 4234 in

182 4263 305 4352 λογικῷ,
334 4267 422 4351 quod
449 4266 524 4353 περὶ
546 4266 602 4355 τὴν
624 4264 711 4346 Ἁιέξιν
733 4265 789 4333 καὶ
812 4266 887 4354 περὶ
909 4267 984 4344 τοὺς
1006 4268 1242 4355 γραμματικοὺς
1262 4267 1405 4356 τρόπους

181 4374 374 4448 versaretur,
397 4369 430 4432 in
453 4376 607 4453 promptu
622 4375 671 4436 est
685 4371 873 4435 coniectura
887 4370 1107 4454 Pergamenos
1123 4378 1159 4438 ut
1172 4395 1223 4438 res
1240 4373 1403 4455 verbaque

181 4467 298 4533 iudicio
308 4469 457 4536 adhibito
466 4474 678 4537 accrevissent
686 4471 896 4555 digessissent
904 4474 1000 4538 certis
1009 4474 1174 4540 ordinibus
1182 4475 1401 4556 inseruissent,
