3362 5216
268 1597 474 1731 Cononem)
496 1645 672 1727 aliquando
700 1647 910 1711 constitutum
932 1667 1002 1711 esse
1024 1651 1192 1710 oratorum
1216 1643 1403 1712 Atticorum

181 1766 377 1848 gravissimis
407 1769 551 1828 veterum
574 1766 767 1830 testimoniis
790 1765 912 1830 affatim
935 1765 1181 1848 comprobatum
1204 1771 1270 1847 est,
1298 1786 1402 1848 neque

183 1887 288 1949 minus
322 1891 449 1949 constat
482 1885 728 1966 comprehensos
763 1905 832 1951 esse
860 1907 897 1951 ec
925 1906 1048 1949 canone
1076 1884 1135 1948 hos
1169 1883 1280 1948 de'cem
1306 1885 1402 1950 Anti·

182 2005 337 2087 phontem
363 2003 568 2067 Andocidem
594 2003 728 2086 Lysiam
755 2005 934 2070 Isocratem
960 2005 1090 2069 Isaeum
1117 2003 1315 2068 Aeschinem
1338 2003 1403 2068 De·

181 2124 382 2187 mosthenem
414 2122 615 2205 Hyperidem
650 2123 836 2207 Lycurgum
873 2122 1118 2208 Dinarchumfi)
1164 2121 1203 2187 de
1233 2143 1298 2206 quo
1329 2143 1402 2187 cum

181 2242 303 2306 multae
324 2241 399 2305 inde
422 2263 442 2305 a
463 2241 659 2307 Rulmkenio
681 2243 782 2307 falsae
804 2243 1054 2306 inveteraverint
1076 2241 1256 2323 opiniones,
1279 2221 1402 2306 rectam

182 2361 315 2426 tandem
337 2363 599 2425 commonstravit
620 2363 721 2442 viam,
749 2382 814 2445 qua
836 2363 958 2426 maiore
981 2383 1036 2445 spe
1060 2368 1092 2426 et
1114 2381 1278 2440 successu,
1305 2381 1402 2442 quam

182 2481 289 2546 adhuc
305 2483 449 2563 contigit,
473 2481 732 2564 progrediamur,
755 2481 925 2563 Augustus
940 2479 1186 2559 Reifferscheid,
1211 2485 1402 2562 praeceptor

182 2600 443 2679 inlustrissimus,
468 2602 523 2681 qui
538 2601 659 2682 primus
676 2601 912 2682 Pergamenum
936 2601 1068 2664 canonis
1092 2601 1249 2682 originem
1271 2599 1402 2682 agnovit

180 2741 316 2803 eamque
344 2718 467 2784 idoneis
499 2720 630 2802 probari
659 2741 753 2803 posse
789 2720 989 2802 argumentis
1030 2741 1102 2784 eum
1142 2718 1294 2802 privatim
1322 2717 1401 2783 mihi

183 2910 386 2918 *υ*

271 3043 293 3110 1)
311 3042 347 3094 de
364 3043 441 3095 vocis
460 3040 552 3094 κανὼν
569 3059 621 3093 usu
640 3041 723 3094 adeas
743 3039 898 3108 Georgium
911 3039 1028 3105 Steffen,
1047 3039 1082 3092 de
1100 3056 1207 3093 canone
1227 3040 1275 3108 qui
1294 3040 1401 3094 dicitur

184 3144 385 3211 Aristophanis
405 3148 434 3196 et
452 3143 623 3206 Aristarchi,
648 3143 712 3194 diss.
733 3142 810 3208 Lips.
830 3143 896 3194 1876
913 3159 939 3208 p.
961 3144 1036 3196 1211.
1055 3145 1085 3209 ’ῖς
1110 3142 1190 3196 cuius
1213 3143 1283 3196 haec
1301 3146 1400 3211 repeto

184 3245 283 3299 verba:
309 3242 408 3310 ,νανὼν
430 3262 498 3309 vox,
523 3245 601 3314 euius
626 3246 743 3312 propria
772 3248 815 3298 est
837 3245 917 3297 notio
940 3261 1055 3297 normae
1079 3244 1236 3309 fabrorum,
1261 3247 1402 3298 translata

183 3348 340 3416 quamlibet
359 3347 499 3418 significat
517 3347 652 3414 regulam.
688 3348 784 3415 itaque
802 3352 983 3416 praeceptum
1002 3363 1113 3414 quoque
1132 3347 1262 3411 denotat,
1282 3365 1336 3416 quo
1355 3349 1401 3402 via

183 3450 253 3503 artis
280 3449 324 3503 vel
349 3449 515 3516 disciplinae
539 3449 672 3504 colendae
692 3449 788 3515 datur,
813 3451 890 3503 velut
908 3451 1022 3519 regulae
1042 3449 1256 3518 grammaticae,
1279 3450 1315 3502 ad
1334 3469 1402 3518 quas
1479 3457 1481 3460 ’

182 3553 286 3606 locutio
311 3553 449 3622 dirigatur
473 3555 598 3620 oportet,
623 3552 757 3604 dicuntur
778 3552 913 3610 κανόνες.
933 3593 939 3606 .
958 3593 964 3606 .
984 3593 989 3606 .
1010 3555 1110 3620 postea
1128 3553 1205 3620 (ante
1223 3568 1292 3606 saec.
1313 3545 1357 3606 IV
1375 3570 1402 3621 p.

182 3654 231 3708 oh.
250 3657 290 3724 n.)
313 3655 465 3723 scriptores
489 3654 674 3708 ecelesiastici
697 3672 840 3708 sacrorum
859 3654 998 3706 librorum
1017 3657 1188 3723 catalogum,
1213 3655 1261 3721 qui
1282 3655 1402 3710 saeculis

181 3775 208 3825 p.
226 3758 277 3811 oh.
296 3776 322 3810 11.
341 3758 439 3826 primis
459 3758 590 3812 definitus
609 3772 665 3810 non
684 3763 757 3822 erat,
776 3757 879 3810 κανόνα
898 3757 1081 3825 appellabant
1100 3797 1107 3811 .
1127 3795 1133 3809 .
1152 3795 1158 3808 .
1178 3795 1185 3808 .
1205 3760 1304 3810 contre
1322 3757 1398 3825 apud

182 3861 336 3929 scriptores
358 3865 468 3914 veteres
491 3859 583 3915 κανὼν
606 3877 717 3929 semper
739 3864 783 3913 est
806 3877 904 3912 norma
926 3859 972 3913 vel
994 3859 1093 3926 regula
1115 3874 1207 3925 neque
1226 3876 1350 3927 unquam
1369 3877 1401 3914 ea

181 3982 236 4018 vox
260 4005 265 4018 .
286 4005 291 4018 .
310 4005 342 4018 ..
365 3966 408 4018 ita
430 3967 563 4032 usurpata
585 3967 643 4027 est,
671 3967 704 4017 ut
727 3964 770 4017 vis
792 3963 898 4016 inesset
923 3962 1063 4031 catalogi!
1109 3977 1161 4014 nos
1189 3960 1238 4014 illo
1265 3963 1402 4016 vocabulo

182 4067 434 4135 quotienscumque
450 4067 524 4120 infra
541 4071 661 4131 utemur,
680 4083 744 4119 cum
757 4065 826 4118 haee
838 4070 935 4118 nostra
947 4068 1042 4119 aetate
1054 4065 1206 4118 invaluerit
1219 4065 1398 4134 significatio,

182 4187 297 4222 censum
317 4169 488 4238 scriptorum
506 4170 665 4223 imitatione
684 4169 836 4237 dignorum
855 4167 985 4236 intellegi
1003 4168 1140 4221 volumus.

268 4271 292 4341 ²)
309 4261 538 4325 testimoniorum
556 4270 667 4337 copiam
686 4269 902 4339 diligentissime
920 4270 1044 4338 conlegit
1061 4269 1114 4322 Ed.
1134 4268 1231 4335 Meter,
1250 4276 1400 4330 comment.

182 4365 281 4441 quiarta
298 4374 333 4427 de
356 4374 514 4427 Andocidis
537 4389 607 4442 quae
629 4373 714 4442 vulgo
737 4375 829 4426 fertur
851 4375 979 4426 oratione
999 4375 1098 4424 eontra
1116 4371 1309 4439 Alcibiadem,
1335 4373 1400 4428 Hal.

184 4477 373 4544 1837118381).
392 4477 409 4528 3
428 4492 488 4543 sqq.
504 4501 534 4526 =
547 4476 648 4545 Opusc.
668 4475 683 4528 Ι
705 4477 753 4529 120
772 4492 832 4543 sqq.

1237 4577 1250 4627 1
