3362 5216
740 255 943 352 ...υ-

491 449 619 542 εὑρίσκῃ
639 451 678 519 τὸ
699 453 735 518 θ’
758 449 817 542 ἡδὺ
840 451 911 522 ε’νὸν
933 451 1120 534 αὐτοῖςκαὶ
1142 453 1180 524 τὸ
1202 455 1302 524 καλὸν
1317 453 1462 546 ἀρκεῖται

480 553 537 620 καί
559 551 652 621 οὐδέν
673 551 723 621 ἔτι
745 559 890 646 ποθεῖέ)

277 654 376 719 Dion.
401 655 441 720 de
464 678 567 742 oomp.
591 664 631 724 21
654 681 686 742 p.
712 662 787 723 146:
816 661 909 725 utin
930 661 1059 744 piatum
1081 662 1201 728 eisdem
1222 663 1274 727 usi
1296 663 1458 730 coloribus

480 761 587 826 varias
619 761 749 826 tabulas
786 762 945 847 effingunt
975 764 1130 847 pictores,
1167 766 1215 830 ita
1246 766 1280 830 in
1313 768 1459 832 oratione

479 866 548 955 τοῖς
588 858 699 939 αὐτοῖς
737 858 876 948 ὀνόμασι
907 863 1062 954 χρώμενοι
1095 863 1217 943 πάντες
1249 861 1306 949 οάχ
1338 864 1458 952 ὁμοίως

479 960 563 1030 αὐτὰ
584 961 814 1054 συντίθεμενά)

277 1069 376 1134 Dion.
401 1068 442 1134 de
464 1089 567 1152 oomp.
591 1074 631 1134 22
654 1091 685 1152 p.
711 1073 787 1134 148:
821 1070 1012 1153 compositio
1039 1073 1170 1134 austere
1197 1071 1280 1135 nihil
1302 1076 1458 1154 gravatur

480 1167 641 1257 τραχείαις
661 1173 801 1260 χρῆσθαι
817 1173 965 1260 πολλαχῇ
979 1170 1036 1238 καί
1052 1167 1243 1248 ἀντιτύποις
1259 1175 1332 1248 ταῖς
1342 1177 1457 1256 συμβο-

480 1275 561 1356 λαῖς,
580 1263 647 1339 οἷον
661 1270 802 1359 γίνονται
818 1277 884 1339 τοῖν
898 1271 1035 1362 λογάδην
1046 1273 1282 1358 συντιθεμένων
1293 1272 1326 1340 έν
1338 1270 1458 1340 οἰκοδο-

477 1373 569 1460 μίαις
584 1373 689 1442 λίθων
704 1371 742 1442 αὶ
754 1375 827 1465 μήτ’
841 1372 987 1462 εὐγώνιοι
1002 1373 1082 1465 μήτε
1093 1372 1324 1461 ’συνεξεσμέναι
1334 1373 1456 1461 βάσεις,

482 1474 578 1565 ἀργαί
600 1477 637 1545 δέ
657 1501 742 1555 τινες
763 1477 820 1544 καί
842 1473 1085 1566 αάτοσχέδιοιά)

280 1586 379 1652 Dion.
403 1585 443 1650 de
473 1603 576 1666 oomp.
600 1586 641 1646 23
667 1604 699 1666 p.
725 1586 800 1646 171:
835 1583 868 1646 in
896 1583 1127 1666 pompositione
1153 1582 1216 1647 levi
1241 1582 1340 1648 verba
1368 1581 1457 1647 nullo

484 1692 629 1769 tempore
654 1686 837 1750 intermisso
859 1706 928 1751 sese
950 1687 1122 1769 excipiunt,
1146 1707 1219 1750 eum
1242 1689 1274 1750 oi
1295 1685 1403 1750 hiatus
1427 1690 1459 1750 et

483 1783 663 1854 ἀντιτυπία
680 1788 835 1867 evitetur3
857 1782 944 1853 έοικέ
960 1810 995 1852 τε
1013 1783 1168 1876 εὐητρίοις
1178 1783 1279 1875 ὑφαῖς
1289 1781 1309 1876 ἢ
1320 1789 1460 1874 γραφαῖς

483 1888 731 1978 συνεφθαρμένα
752 1887 795 1956 τὰ
816 1887 959 1978 φωτεινὰ
981 1893 1050 1966 τοῖς
1071 1893 1208 1978 σκιεροῖς
1229 1887 1415 1976 ἐχούσαιςέ)

282 1994 380 2061 Dion.
405 1995 445 2060 de
468 1994 569 2060 Isoor.
593 1999 612 2060 3
634 2017 666 2078 p.
690 1996 752 2058 541
775 2014 836 2076 sq.:
866 1993 1046 2058 Isocratem
1068 2015 1142 2059 oum
1163 1994 1285 2058 Phidia
1307 1999 1341 2059 et
1362 1993 1459 2078 Poly-

485 2098 573 2179 clito,
595 2097 729 2180 Lysiam
751 2116 824 2160 oum
846 2095 1014 2162 Calamide
1046 2102 1083 2162 εί.
1102 2096 1303 2162 Callimacho
1328 2118 1458 2162 accura-

484 2201 608 2266 tissime
630 2204 812 2283 comparat:
847 2195 1040 2281 θαυμαστὸν
1062 2198 1119 2264 καί
1140 2197 1222 2284 μέγα
1244 2197 1282 2265 τὸ
1306 2202 1364 2287 τῆς
1382 2194 1458 2265 Ἰσο-

485 2299 621 2388 κράτους
641 2303 840 2388 κατασκευῆς
860 2299 961 2386 ὕψος,
994 2297 1130 2390 ἡρωϊκῆς
1151 2302 1272 2385 μᾶλλον
1294 2297 1314 2390 ἢ
1336 2297 1459 2387 ἀνθρω-

487 2400 584 2492 πίνης
612 2402 739 2492 φύσεως
767 2399 894 2470 οἰκεῖον.
923 2403 1012 2469 δοκεῖ
1033 2403 1073 2492 δή
1094 2428 1151 2487 μοι
1172 2403 1216 2493 μὴ
1240 2400 1309 2472 ἀπὸ
1332 2407 1461 2471 σκοποῦ

484 2529 534 2583 τις
567 2502 606 2573 ἀν
643 2503 772 2573 εἰκάσαι
804 2505 862 2594 τὴν
894 2505 952 2589 μὲν
982 2502 1184 2592 Ἰσοκράτους
1215 2506 1380 2596 ῥητορικὴν
1413 2509 1455 2595 τῇ

484 2607 702 2676 Πολυκλείτου
731 2633 767 2674 τε
795 2608 852 2675 καί
884 2606 1018 2690 Φειδίου
1048 2608 1141 2698 τέχνῃ
1169 2609 1255 2677 κατὰ
1280 2609 1318 2676 τὸ
1346 2608 1461 2693 σεμνὸν

484 2712 541 2780 καὶ
575 2709 803 2798 μεγαλότεχνον
834 2711 891 2778 καί
919 2707 1147 2796 ἀξιωματικόν,
1182 2712 1240 2802 τὴν
1267 2711 1302 2779 δέ
1330 2710 1460 2780 Λυσίου

487 2820 528 2903 τῇ
549 2813 740 2900 Καλάμιδος
760 2813 817 2881 καὶ
839 2812 1049 2898 Καλλιμάχου
1071 2819 1128 2904 τῆς
1150 2814 1347 2906 λεπτότητος
1370 2813 1461 2883 ἕνεκα

489 2918 547 2985 καί
579 2923 636 3006 τῆς
663 2916 792 3004 χάριτος
822 2917 877 3003 (of.
911 2918 1019 2984 Anon.
1053 2941 1081 2984 v.
1114 2920 1216 2986 Isoor.
1247 2942 1301 3003 ap.
1329 2919 1461 3004 Sauppe

489 3028 586 3088 orell.
609 3022 649 3087 II
675 3044 707 3105 p.
731 3022 776 3107 5).
820 3018 932 3107 ὥσπερ
957 3018 1018 3107 γὰρ
1046 3017 1175 3086 ἐκείνων
1197 3017 1227 3087 ol
1248 3020 1307 3106 μὲν
1339 3020 1373 3086 ἐν
1393 3025 1462 3098 τοῖς

487 3123 637 3191 ἐλάττοσι
665 3121 722 3189 καί
748 3118 972 3210 ἀνθρωπικοῖς
995 3118 1098 3210 ἔργοις
1119 3120 1201 3191 εἰσίν
1223 3122 1463 3211 ἐπιτυχέστεροι

486 3231 552 3294 τοῖν
584 3222 709 3314 ἑτέρων,
744 3221 775 3291 oi
816 3225 844 3291 δ’
877 3223 910 3290 έν
942 3229 1011 3304 τοῖς
1041 3223 1165 3309 μείζοσι
1197 3225 1254 3293 καί
1285 3225 1464 3315 θειοτέροις

488 3329 616 3417 (Quint.
635 3329 713 3396 XII
737 3335 785 3410 10,
809 3329 854 3416 9),
878 3326 962 3394 οίίτω
983 3326 1127 3394 καὶτῶν
1149 3327 1288 3419 ῥητόρων
1310 3325 1328 3395 ὁ
1350 3328 1408 3414 μὲν
1430 3327 1463 3394 ἐν

488 3437 557 3509 τοῖς
577 3434 704 3518 μικροῖς
724 3429 795 3498 ἐστι
816 3429 998 3520 σοφώτερος
1020 3431 1161 3517 (Lysias,
1184 3433 1224 3498 of.
1246 3432 1462 3521 deLys.16),

488 3531 506 3601 ὁ
529 3534 557 3599 δ’
577 3532 611 3600 ἐν
633 3537 702 3612 τοῖς
722 3533 873 3619 μεγάλοις
895 3531 1118 3622 περιττάτερος
1139 3535 1370 3624 (Isocrates).⁶)

333 3755 355 3823 1)
374 3754 409 3808 of.
429 3755 465 3808 de
482 3753 547 3809 Din.
567 3757 583 3807 7
601 3773 629 3824 p.
647 3757 708 3809 644.

332 3840 354 3910 ¹)
373 3841 476 3894 similia
494 3842 550 3895 alia
568 3841 599 3895 in
615 3859 647 3896 re
666 3841 763 3910 Quint.
787 3840 833 3896 xl
850 3843 875 3903 3,
893 3841 934 3895 46.

332 3926 353 3998 ³)
370 3927 497 3982 Demetr.
514 3948 543 3982 π.
563 3927 620 4000 έρμ.
639 3929 720 3996 ο.13;
739 3928 836 3997 Quint.
850 3925 928 3982 VIII
945 3929 969 3993 6,
990 3928 1024 3980 62
1042 3945 1095 3995 sq.:
1119 3927 1206 3982 verba
1223 3929 1368 3984 interdum
1385 3931 1417 3982 ui
1434 3929 1465 3982 in

244 4014 397 4068 structuris
419 4014 546 4084 lepidum
569 4015 765 4084 impolitorum
784 4014 921 4086 (rudium,
946 4011 1044 4080 Quini.
1067 4013 1112 4068 IX
1129 4017 1158 4082 4,
1181 4016 1215 4068 27
1237 4015 1300 4070 loeo
1320 4015 1464 4069 simillimo

246 4124 277 4148 =
297 4097 492 4172 αὐτοσχεδίων,
510 4097 612 4177 ἀργῶν)
634 4103 696 4157 loeo
719 4119 775 4170 quo
799 4099 933 4154 convenit
955 4098 1086 4168 quodque
1108 4104 1306 4172 coagmentata
1328 4119 1358 4155 se
1375 4101 1465 4172 magis

244 4189 379 4257 iungunt3
397 4187 535 4242 utendum
553 4189 593 4242 eis
613 4190 708 4257 qualia
727 4190 794 4242 sunt
812 4184 1014 4255 eligendaeque
1033 4187 1121 4240 sedes.

329 4273 354 4342 ⁴)
372 4273 405 4326 of.
430 4273 464 4327 de
486 4274 559 4330 adm.
578 4276 606 4329 vi
628 4275 683 4330 olio.
707 4273 789 4329 Dem.
811 4273 844 4325 41
869 4289 896 4341 p.
917 4272 984 4326 1042
1003 4289 1042 4342 sq.
1065 4303 1099 4312 -
1131 4270 1466 4340 Quint.xla,4o;1³s.

245 4358 335 4429 Long.
354 4377 382 4413 π.
401 4356 448 4426 ἀφ.
468 4360 500 4413 17
518 4378 545 4429 p.
564 4357 898 4430 es;m.Bertrand1.1.
917 4375 944 4427 p.
964 4359 1021 4413 107.
1267 4415 1271 4423 ,

333 4445 354 4513 ⁶)
373 4444 409 4497 of.
432 4444 555 4500 Demetr.
579 4466 607 4500 π.
627 4449 683 4518 έρμ.
706 4447 749 4499 13:
776 4444 982 4516 περιεξεσμένον
1005 4449 1061 4516 ἔχει
1082 4467 1109 4499 τι
1131 4441 1147 4513 ἡ
1164 4447 1289 4518 ἑρμηνεία
1306 4441 1323 4512 ἡ
1341 4449 1406 4523 πρὶν
1422 4447 1467 4497 καὶ

245 4526 384 4596 sicaniis,
411 4527 504 4605 ὥσπερ
525 4537 570 4585 καί
591 4531 627 4586 τὰ
650 4529 750 4604 ἀρχαῖοι
775 4526 932 4603 ἀγάλματα,
955 4521 995 4586 ὧν
1022 4536 1104 4600 τέχνη
1133 4529 1219 4587 soona
1241 4528 1258 4598 ἡ
1283 4527 1399 4597 συστολὴ
1422 4533 1466 4584 καὶ
