3362 5216
811 258 852 328 83

471 465 602 532 modum
628 466 745 550 pellem
772 474 831 534 aut
853 468 990 553 hydram
1011 468 1159 554 fingeret,
1189 489 1254 538 non
1276 471 1446 558 quaesiuit,

473 569 601 634 etiamsi
622 570 707 636 hano
727 593 893 654 nunquam
913 576 1087 657 separatim
1102 575 1210 640 iacere
1222 576 1448 642 didicisset.—

473 674 529 735 73:
554 673 580 737 si
603 674 676 755 quis
694 674 857 760 (dicendi)
881 682 985 742 artem
1004 677 1292 762 comprehenderit,
1314 684 1351 742 ut
1366 686 1447 744 tam·

471 794 568 856 quam
599 775 735 842 Phidias
757 778 922 844 Minervae
944 781 1071 864 signum
1093 780 1220 846 efficere
1242 782 1355 864 possit,
1383 803 1448 846 non

473 899 551 942 sane
586 879 873 962 quemadmodum,
916 888 953 947 ut
989 884 1022 948 iu
1058 885 1161 968 clipeo
1198 884 1283 949 idem
1319 884 1448 966 artifex,

472 981 597 1045 minora
619 982 677 1046 illa
700 1004 799 1066 opera
820 984 926 1051 facere
949 985 1062 1067 discat,
1084 986 1291 1074 laborabit.1)

273 1082 340 1148 Oic.
364 1081 403 1146 de
431 1103 476 1147 or.
501 1083 539 1148 II
567 1089 644 1149 320:
684 1092 813 1169 oportet
839 1094 876 1152 ut
903 1088 1037 1154 aedibus
1066 1111 1104 1153 ac
1132 1090 1261 1173 templis
1288 1089 1449 1154 vestibula

475 1183 529 1270 (cf.
546 1207 592 1251 or.
609 1188 665 1274 50)
685 1195 718 1254 et
733 1189 850 1271 aditus,
874 1191 920 1256 sic
934 1194 1040 1256 causis
1054 1193 1213 1276 principia
1227 1213 1286 1275 pro
1302 1193 1449 1275 portione

471 1308 579 1355 rerum
600 1293 842 1379 praeponerel)

272 1385 339 1452 Oic.
371 1387 411 1452 de
438 1409 485 1452 or.
513 1390 553 1455 II
580 1395 641 1457 357
669 1416 754 1479 sqq:
791 1397 861 1479 agit
889 1397 929 1463 de
956 1397 1127 1462 memoriae
1155 1397 1348 1480 imaginibus
1377 1418 1450 1461 cum

473 1493 600 1574 pictura
622 1498 859 1585 comparatis.³)

273 1590 339 1656 cie.
363 1591 403 1656 de
425 1614 471 1658 er.
494 1596 614 1662 11125
638 1621 723 1683 sqq:
758 1601 792 1665 in
821 1601 968 1666 dissimili
996 1623 1113 1685 genere
1134 1623 1195 1686 par
1215 1603 1286 1667 laus
1309 1602 1451 1667 virorum

474 1697 676 1766 inlustrium:
692 1705 726 1768 111
737 1703 881 1788 fingendi
895 1710 966 1770 arte
980 1705 1123 1788 Myronis
1136 1705 1290 1788 Polycliti
1305 1703 1451 1788 Lysippi,

475 1801 509 1864 in
524 1804 653 1884 pictura
668 1805 824 1870 Zeuxidis
840 1807 1082 1890 Aglaophontis
1097 1807 1226 1891 Apellis
1242 1807 1295 1891 (cf.
1314 1827 1359 1870 or.
1377 1807 1450 1890 36);

474 1904 508 1967 in
524 1908 627 1988 poetis
643 1908 743 1972 Ennii
757 1908 893 1974 Pacuvii
909 1911 1013 1990 Accii,
1032 1910 1120 1993 apud
1136 1908 1280 1975 Graecos
1296 1908 1452 1991 Aeschyli

477 2005 645 2090 Sophoclis
667 2012 849 2096 Euripidis;
878 2013 1025 2096 quamvis
1053 2013 1172 2077 diversi
1198 2013 1263 2076 sint
1289 2011 1453 2076 Isocrates

477 2108 594 2192 Lysias
636 2114 822 2198 Hyperides
852 2116 1034 2182 Aeschines
1069 2115 1322 2196 Demosthenes,
1345 2121 1454 2178 tamen

475 2216 695 2301 unusquisque
718 2218 875 2302 egregius.

279 2311 345 2378 Oic.
373 2310 413 2378 de
437 2335 482 2379 or.
504 2316 563 2381 III
589 2322 630 2383 98
653 2342 723 2403 sqq.
753 2320 876 2407 (agitur
904 2321 943 2385 de
971 2320 1169 2396 elocutione;
1197 2323 1307 2384 orator
1336 2319 1378 2382 sit
1407 2341 1456 2384 or-

479 2423 575 2484 natus
607 2428 640 2486 et
670 2425 777 2489 suavis
805 2425 853 2488 ita
883 2431 1008 2504 tamen,
1045 2429 1083 2487 ut
1113 2422 1306 2486 suavitatem
1334 2421 1457 2486 habeat

480 2528 645 2588 austeram
673 2532 706 2590 et
726 2526 877 2608 solidam,
907 2548 973 2592 non
996 2526 1122 2591 dulcem
1142 2529 1239 2606 atque
1263 2523 1455 2612 decoctam).

478 2633 600 2706 quanto
630 2629 774 2694 colorum
794 2629 1036 2714 prdchritudine
1057 2634 1090 2693 et
1110 2617 1269 2692 varietate
1290 2625 1457 2692 floridiora

480 2735 557 2793 sunt
585 2731 619 2794 in
647 2733 781 2814 picturis
810 2733 900 2798 novis
927 2733 1083 2816 pleraque
1110 2751 1207 2812 quam
1229 2731 1263 2794 in
1284 2730 1456 2796 veteribus.

480 2851 564 2914 quae
594 2841 704 2900 tamen
735 2835 862 2900 etiamsi
893 2836 997 2919 primo
1031 2839 1166 2917 aspectu
1197 2853 1257 2896 nos
1292 2840 1457 2921 ceperunt,

482 2933 604 3001 diutius
633 2959 700 3002 non
728 2938 893 3003 delectant
914 2937 1016 3024 (quod
1038 2936 1170 3001 fastidio
1199 2937 1240 3002 ab
1270 2937 1311 2999 iis
1338 2935 1457 3001 abalie-

478 3041 620 3124 namur),
643 3062 716 3105 cum
738 3041 843 3106 eidem
864 3062 924 3105 nos
945 3042 978 3104 in
1002 3039 1145 3123 antiquis
1167 3038 1288 3103 tabulis
1309 3038 1366 3102 illo
1388 3040 1458 3122 ipso

482 3142 615 3207 horrido
638 3143 848 3231 obsoletoque
870 3149 1046 3208 teneamur.
1090 3142 1177 3206 idem
1190 3141 1278 3206 valet
1293 3141 1333 3206 de
1347 3140 1458 3206 flexio-

484 3247 579 3312 nibus
602 3246 801 3310 mollioribus
824 3252 857 3311 et
872 3246 1094 3326 severioribus,
1117 3244 1157 3308 de
1173 3244 1347 3326 unguentis
1363 3245 1459 3309 nimis

369 3333 373 3340 ’
482 3349 634 3414 suavibus
658 3355 691 3413 et
712 3349 899 3431 moderatis,
922 3349 962 3414 de
984 3349 1064 3414 cibis
1079 3347 1174 3412 valde
1190 3347 1348 3426 dulcibus,
1371 3347 1459 3411 idem

482 3452 621 3538 denique
655 3450 695 3516 de
728 3455 874 3518 oratione
905 3453 1000 3517 nimis
1033 3453 1129 3516 claris
1160 3450 1322 3516 coloribus
1353 3452 1458 3535 picta3

239 3631 441 3642 -η--ι-ι-

325 3747 347 3816 ¹)
366 3747 400 3800 cf.
429 3744 526 3813 Quint.
558 3743 617 3798 VII
637 3745 677 3808 10,
704 3745 728 3796 9.
764 3743 796 3797 ll
816 3746 844 3809 3,
869 3746 899 3809 63
923 3744 1016 3796 Anon.
1036 3761 1065 3796 π.
1089 3745 1146 3816 ῥητ.
1166 3741 1182 3796 l
1205 3743 1255 3794 321
1276 3741 1336 3810 Sp.;
1361 3740 1460 3794 Galen.

239 3833 391 3904 (Pergam.)
411 3832 446 3885 de
464 3835 583 3898 temper.
602 3829 617 3882 l
642 3848 669 3898 p.
688 3831 739 3882 566
757 3829 807 3883 K.:
831 3830 922 3882 multe
939 3829 1142 3882 exercitatione
1166 3845 1235 3896 opus
1261 3831 1305 3882 est
1323 3829 1462 3901 γνωρίζειν

240 3921 350 3989 ἑτοίμως
363 3923 393 3972 ἐν
407 3919 514 3984 ἑκάστῳ
528 3922 598 3990 γένει
616 3917 686 3980 ζώοο
700 3922 745 3969 καὶ
760 3914 830 3968 κατὰ
844 3915 879 3968 τὰ
900 3915 1047 3984 σύμπαντα
1061 3913 1094 3969 τὸ
1109 3921 1194 3984 μέσον
1207 3945 1241 3954 -ψ
1252 3913 1322 3968 οὕτω
1337 3912 1402 3986 γοῦν
1417 3918 1462 3965 καὶ

240 4004 361 4059 πλάσται
383 4011 427 4058 καί
444 4010 563 4078 γραφεῖς,
586 3999 813 4076 ἀνδριαντοποιοί
833 4007 925 4054 τεκαὶ
948 3999 1015 4058 ὅλοις
1040 3999 1253 4074 ἀγαλματοποιοὶ
1279 4000 1314 4055 τὰ
1333 3999 1463 4053 κάλλιστα

243 4092 372 4160 (species)
392 4091 526 4164 γράφουσι
544 4111 573 4144 τε
592 4097 636 4142 καὶ
655 4088 806 4143 πλάττουσι
824 4083 887 4141 καθ’
912 4093 1028 4141 ἕκαστον
1046 4086 1124 4154 εἶδος,
1140 4088 1197 4142 οἷον
1210 4085 1364 4156 ἄνθρωπον
1372 4083 1463 4156 εὔμορ-

242 4177 365 4248 φότατον
382 4175 398 4244 ἢ
416 4179 502 4230 ἵππον
515 4174 531 4243 ἢ
546 4174 614 4246 βοῖιν
631 4174 647 4242 ἢ
661 4174 766 4240 λέοντα,
785 4173 818 4227 τὸ
833 4179 918 4243 μέσον
934 4178 964 4226 ἐν
982 4179 1077 4240 ἐκείνῳ
1091 4172 1131 4240 τῷ
1145 4179 1216 4246 γένει
1230 4171 1399 4228 σκοποῦντες.
1419 4178 1466 4224 καί

241 4264 294 4316 πού
316 4285 356 4319 τις
378 4259 490 4336 ἀνδριὰς
512 4267 673 4326 ἐπαινεῖται,
692 4261 868 4314 Πολυκλείτου
893 4259 984 4313 κανιὺν
1007 4256 1217 4328 ὀνομαζόμενος,
1236 4264 1265 4311 ἐκ
1282 4256 1331 4312 τοῦ
1348 4258 1464 4312 πάντων

242 4347 300 4403 τῶν
317 4355 420 4423 μορίοιν
437 4345 534 4419 ἀκριβῆ
548 4347 599 4416 τὴν
616 4349 683 4420 πρὸς
697 4345 798 4415 ἄλληλα
813 4353 978 4421 συμμετρίαν
995 4349 1067 4414 dycta
1081 4341 1213 4414 ὀνόματος
1226 4346 1351 4399 τοιούτου
1364 4344 1462 4412 τυχών.

335 4435 356 4504 ⁵¹)
374 4436 480 4489 similia
498 4435 595 4504 Quint.
616 4433 662 4487 Ill
682 4435 707 4498 9,
725 4436 750 4486 9.

333 4522 354 4594 ⁸)
374 4521 408 4576 11.
427 4522 442 4576 l
462 4524 520 4575 157.
542 4520 574 4574 Η
593 4522 655 4587 1493
674 4519 764 4590 Long.
784 4537 828 4573 ars
846 4519 917 4573 rhet.
936 4518 952 4572 I
969 4535 996 4586 p.
1016 4518 1068 4570 317
1087 4515 1136 4586 Sp.

1272 4599 1309 4652 6*
