3362 5216
913 321 954 384 26

838 407 1041 420 n*

328 527 522 605 argumenta
536 542 588 588 me
602 528 741 602 movent,
756 527 795 589 nt
810 543 830 588 1
843 521 986 592 Caecilio
997 526 1098 592 talem
1112 531 1279 592 oratorum
1291 525 1531 591 coniunctionem

328 624 468 690 alienam
496 631 616 710 putem.
662 625 851 692 Ciceronem
882 634 982 713 atque
1006 629 1214 713 'Dionysium
1243 627 1382 694 vidimus
1410 626 1532 714 (septem

328 728 393 812 vel)
420 734 492 794 octo
523 731 660 814 optimos
687 735 834 796 oratores
860 731 991 798 Atticos
1023 732 1066 798 ad
1093 729 1475 812 imitationem·elegisse;
1501 732 1532 796 iis

328 831 480 916 numquis
516 833 578 898 erit
614 833 670 915 qui
708 834 791 898 serio
829 835 1002 901 crediderit
1040 835 1237 916 Caecilium,
1276 833 1327 898 cui
1364 831 1475 898 Oicero
1506 840 1533 898 et

328 934 504 1019 Dionysius
551 934 641 1000 haud
679 937 783 1019 ignoti
823 940 963 1026 erant,¹)
1001 939 1192 1005 imitationis
1241 957 1318 1020 ergo
1365 935 1534 1000 adiunxisse

328 1036 410 1102 duos
432 1038 596 1124 (veltres)
621 1045 766 1106 oratores
785 1041 945 1107 inferioris
964 1047 1060 1107 notae
1085 1041 1325 1125 Antiphontem
1343 1038 1534 1104 Andocidem

328 1139 512 1227 (Isaeum)?
555 1141 688 1207 Minime
721 1141 924 1210 Andocidem
961 1146 1124 1228 elegisset3
1162 1165 1238 1210 nam
1271 1148 1303 1208 11
1336 1140 1378 1208 ab
1411 1140 1533 1207 Caecilii

327 1244 435 1310 indole
463 1251 496 1310 et
523 1244 565 1310 ab
592 1250 710 1326 aetate,
732 1266 797 1329 qua
819 1247 898 1312 vixit
920 1245 1091 1329 Caecilius,
1123 1246 1320 1314 abhorrebat
1342 1245 1532 1328 scriptorem,

330 1347 436 1431 qualis
458 1347 519 1412 fuit
530 1347 727 1428 Andocides,
745 1349 787 1414 ad
800 1349 1014 1416 imitationem
1029 1349 1183 1416 studiosis
1200 1350 1371 1416 iuvenibus
1387 1368 1535 1413 commen·

328 1450 415 1515 dare.
446 1451 533 1534 quod
548 1457 586 1516 ut
599 1451 713 1516 melius
729 1453 952 1535 perspicietur,
964 1452 1073 1537 paullo
1086 1453 1184 1518 altius
1197 1457 1387 1535 argumenta
1398 1455 1535 1535 repetere

329 1573 368 1618 ex
387 1575 422 1618 11
444 1559 502 1620 est.
541 1555 797 1638 quotusquisque
818 1557 921 1620 nescit
936 1554 1114 1622 Caecilium
1134 1556 1225 1622 iuxta
1239 1561 1338 1639 atque
1353 1555 1537 1638 Dionysium

328 1656 475 1722 Arianae
508 1657 641 1722 dictioni
670 1656 768 1722 fuisse
795 1658 890 1724 valde
920 1659 1080 1724 infensum
1111 1658 1279 1741 multaque
1310 1657 1537 1741 conscripsisse,

329 1760 447 1845 quibus
471 1760 602 1826 Atticos
631 1766 745 1826 contra
765 1759 909 1827 Asianos
932 1761 1140 1828 defenderet?
1184 1761 1263 1847 quid
1285 1762 1346 1827 sibi
1368 1761 1471 1826 voluit
1491 1759 1539 1824 ille

328 1861 413 1929 κατὰ
438 1866 572 1950 Φρυγῶν
591 1862 720 1929 libellus
741 1864 804 1930 nisi
820 1865 961 1931 Asianos
983 1865 1194 1950 perstrmxit?
1230 1865 1317 1950 quid
1338 1865 1402 1944 ille,
1427 1864 1478 1929 oui
1499 1864 1540 1927 in-

328 1967 484 2052 scriptum
511 1973 581 2032 erat
605 1962 669 2032 τίνι
691 1965 837 2055 διαφέρει
858 1963 875 2033 ὁ
900 1963 1051 2047 Ἀττικὸς
1079 1968 1170 2056 ζῆλος
1196 1971 1254 2033 τοῦ
1275 1967 1450 2034 Antenori?
1481 1988 1540 2047 cur,

329 2090 465 2152 quaese,
499 2069 618 2154 Lysiae
643 2071 860 2154 gracilitatem
887 2071 1036 2138 Platonis
1072 2073 1290 2156 magnitudini
1315 2073 1362 2136 ita
1382 2069 1542 2154 praetulit,

328 2178 366 2237 ut
386 2173 558 2239 Platonem
585 2173 681 2256 longe
703 2174 802 2256 Lysia
831 2174 965 2240 duceret
992 2174 1176 2240 inferiorem
1203 2175 1273 2259 (Pe.
1296 2175 1400 2258 Long.
1425 2171 1541 2256 1111.

329 2296 355 2340 c.
389 2281 429 2341 32
462 2299 495 2360 p.
527 2275 605 2364 53)?
642 2277 731 2342 nulla
767 2278 863 2344 credo
901 2277 966 2342 alia
1002 2278 1042 2344 de
1078 2299 1192 2359 eausa,
1231 2277 1292 2342 nisi
1333 2277 1420 2359 quod
1453 2277 1542 2357 ,iusto

329 2378 469 2444 Asiatici
491 2381 618 2462 generis
640 2380 768 2446 dicendi
791 2380 865 2446 odio
887 2380 1045 2446 obductus
1067 2381 1160 2445 nimis
1183 2380 1296 2444 11111
1317 2381 1391 2463 puri
1414 2385 1447 2444 et
1475 2400 1544 2444 con-

329 2483 413 2548 sueti
428 2483 533 2547 Attici
555 2484 710 2549 sermonis
727 2484 850 2550 exstitit
864 2488 1041 2569 patronus!
1086 2504 1191 2567 neque
1207 2483 1346 2567 demque
1361 2482 1450 2547 aliud
1469 2481 1545 2546 mihi

330 2586 457 2650 videtur
487 2585 586 2651 fuisse
615 2593 855 2670 argumentum,
892 2588 979 2672 quod
1010 2587 1238 2652 continebatur
1269 2585 1352 2651 lib'ro
1385 2580 1546 2671 σύγκρισις

330 2685 560 2775 Δημοσθένους
573 2687 630 2754 καὶ
644 2684 814 2770 Αἰσχίνου,
830 2690 891 2754 nisi
907 2690 1159 2756 Demosthenem
1174 2689 1297 2755 Atticis
1312 2689 1547 2753 amatissimum

329 2813 487 2858 summam
514 2791 642 2858 dicendi
667 2814 814 2858 normam
841 2814 879 2858 11
904 2793 1052 2877 regulam
1081 2812 1150 2856 esse
1173 2791 1384 2876 comprobare
1411 2792 1547 2857 studuit.

329 2895 427 2960 talem
455 2895 619 2960 rhetorem
647 2895 718 2980 quis
748 2895 881 2963 tandem
909 2896 1083 2961 contendat
1102 2893 1306 2960 Andocidem
1334 2895 1369 2959 in
1391 2893 1547 2960 decadem

330 2999 508 3079 rettulisse,
549 2998 639 3063 cuius
672 3019 712 3064 ne
742 2999 766 3062 ii
797 2998 927 3082 quidem
957 2998 1103 3064 rhetores
1132 2998 1290 3063 rationem
1321 2997 1461 3077 habent,
1494 2996 1548 3080 qui

329 3096 517 3166 Atticorum
551 3102 678 3166 nomine
711 3123 775 3167 non
802 3101 1034 3184 insigniuntur,
1067 3101 1156 3166 velut
1185 3097 1323 3166 Cicero?
1367 3105 1453 3166 certe
1477 3099 1547 3164 An-

329 3204 477 3270 docidem
492 3204 519 3268 si
534 3205 568 3268 in
588 3225 743 3269 canonem
757 3205 945 3271 Atticorum
966 3204 1150 3287 recepisset,
1173 3202 1306 3268 Asianis
1321 3203 1434 3267 melius
1450 3223 1547 3286 quam

329 3308 451 3373 Atticis
474 3307 697 3374 consuluisset.
742 3330 818 3374 nam
841 3313 930 3372 11111
950 3307 1102 3394 81111111)
1132 3306 1172 3372 ab
1196 3304 1328 3372 Oleario
1351 3306 1385 3369 in
1407 3326 1548 3371 errorem

328 3408 492 3490 inductus,
518 3411 574 3492 qui
595 3410 688 3494 larga
710 3411 969 3476 testimoniorum
990 3429 1093 3475 messe
1115 3409 1284 3492 proposita
1305 3409 1479 3474 nonnullas
1502 3409 1547 3473 di·

330 3513 424 3578 cendi
449 3514 585 3579 virtutes
613 3515 760 3579 venando
786 3535 859 3578 oum
887 3513 1082 3596 indagasset,
1105 3512 1175 3578 iure
1200 3510 1456 3594 agrammaticis
1478 3512 1547 3577 An·

331 3617 479 3681 docidem
507 3617 541 3680 in
571 3639 740 3682 numerum
768 3637 837 3682 esse
865 3617 1004 3681 relatum
1033 3622 1065 3680 et
1092 3615 1177 3680 inter
1204 3614 1314 3680 decem
1343 3615 1547 3679 conlocatum

329 3720 490 3804 principes
515 3719 690 3785 contendit.
737 3740 842 3803 neque
869 3719 973 3785 minus
1000 3724 1088 3783 errat
1116 3717 1227 3797 Meier,
1256 3718 1312 3800 qui
1342 3717 1547 3783 Andocidem

330 3823 392 3886 hac
415 3823 455 3887 de
470 3843 566 3888 causa
588 3823 674 3888 inter
689 3823 823 3888 selectos
846 3843 866 3887 a
883 3821 1025 3888 Caecilio
1047 3821 1188 3885 relatum
1207 3841 1276 3886 esse
1292 3820 1437 3901 coniecit,
1460 3819 1547 3903 quod

330 3947 414 4006 ,cum
451 3925 637 4008 eloquentia
673 3927 870 4009 reliquorum
903 3946 1016 3990 novem
1053 3931 1156 3989 artem
1190 3929 1223 3988 et
1255 3924 1335 3988 artis
1372 3928 1546 4007 praecepta

329 4033 466 4111 saperet,
488 4027 666 4094 Andocidis
689 4030 792 4094 oratio
807 4025 849 4092 ab
864 4035 934 4096 arte
950 4034 983 4094 et
997 4027 1132 4093 scientia
1147 4027 1337 4093 abhorreret
1350 4033 1383 4093 et
1397 4024 1549 4092 humilem

331 4237 533 4248 ...ι-..ι-

420 4391 441 4457 1)
459 4389 573 4458 scripsit
596 4389 734 4463 σύγκρισιν
756 4391 950 4458 Δημοσθένους
972 4395 1017 4442 καὶ
1041 4392 1206 4462 Κικέρωνος
1232 4387 1362 4457 Dionysii
1381 4386 1546 4440 familiarem

331 4493 394 4528 eum
412 4475 496 4528 fuisse
513 4476 610 4544 paullo
627 4479 693 4528 ante
712 4473 815 4527 monui.

418 4561 440 4631 ⁹)
458 4562 594 4617 lectiones
611 4559 805 4626 Andocideae,
823 4559 913 4614 edidit
932 4559 962 4613 O.
982 4559 1110 4627 Schiller,
1128 4557 1206 4630 Lips.
1225 4561 1293 4614 1845
1311 4576 1340 4629 p.
1356 4561 1374 4614 2
1393 4575 1434 4628 sq.
