3362 5216
748 297 787 364 61

670 386 872 398 md

159 499 231 582 τοὺς
253 498 479 592 Περγαμηνοὺς
501 495 642 578 πίνακας
663 503 934 593 σννταξάμενοιῙ),
957 502 1111 591 quicquid
1134 507 1165 572 in
1182 502 1379 571 bibliotheca

161 609 363 692 Pergamena
385 608 634 688 adservabatur‚
658 607 692 671 in
713 609 842 674 tabulas
863 611 1069 675 rettulerunt.
1115 610 1154 674 de
1177 609 1294 693 quibus
1317 610 1379 672 dis-

161 717 286 776 sertum
313 717 444 795 praesto
474 715 524 774 est
545 710 698 775 notabilis
720 710 775 776 ille
794 712 883 778 locus
904 710 1069 778 Athenaei
1092 712 1182 780 VIII
1204 712 1310 791 336⁶0,
1341 733 1379 775 ex

162 835 223 896 quo
252 815 279 878 si
308 815 388 879 nihil
411 813 565 896 amplius,
597 814 657 878 hoc
680 819 765 878 certe
789 814 898 878 evadit
917 815 1137 898 Pergamenos
1159 816 1291 899 pinaces
1313 815 1379 896 ple-

159 917 262 980 niores
299 916 425 982 mediae
468 915 653 981 comoediae
694 917 824 982 tabulas
866 939 935 982 esse
978 918 1176 1000 complexos:
1225 912 1287 999 ἐγὼ
1321 911 1379 979 οὐκ

161 1013 330 1106 ἀπήντησα
356 1021 403 1105 τῷ
430 1015 570 1104 δράματι
599 1017 768 1102 (Alexidis
792 1014 1118 1106 Ἀσωτοδιδασκάλῳ)
1147 1056 1190 1065 -
1219 1011 1287 1082 ἀλλ’
1312 1012 1378 1081 οὐδ’

161 1115 342 1208 ἀναγραφῆς
364 1115 540 1202 ἀξιωθέντι
561 1118 704 1185 σύνοιδα.
748 1117 821 1186 otas
844 1120 903 1208 γὰρ
925 1117 1133 1204 Καλλίμαχος
1156 1115 1379 1205 οάτεἈριστο-

161 1220 261 1310 φάνης
288 1218 367 1288 αὐτὸ
396 1219 590 1309 ἀνέγραψαν,
621 1217 691 1288 ἀλλ’
721 1218 788 1288 orid’
812 1217 843 1288 οἱ
871 1221 930 1300 τὰς
952 1221 986 1288 ἕν
1011 1221 1168 1309 Περγάμῳ
1192 1218 1379 1308 ἀναγραφάς

161 1322 385 1412 ποιησάμενος
409 1347 521 1392 vocem
548 1321 622 1390 οὐδὲ
651 1347 715 1391 non
743 1347 812 1391 esse
841 1328 978 1391 otiosam
1005 1327 1085 1391 mihi
1107 1343 1297 1410 persuasum
1321 1331 1378 1404 est,

160 1432 308 1511 recteque
339 1428 402 1492 Ed.
425 1428 527 1493 Μαίας
549 1429 570 1492 l.
594 1428 614 1491 l.
641 1432 679 1492 13
695 1458 735 1484 =
752 1433 792 1492 93
821 1430 854 1493 in
882 1430 967 1493 hanc
994 1431 1141 1513 disputat
1169 1429 1377 1493 sententiam:

160 1551 289 1612 ,magna
310 1551 386 1596 vero
402 1530 597 1596 auctoritate
613 1536 706 1596 erant
721 1531 942 1614 Pergamenae
959 1533 1088 1597 tabulae
1104 1532 1145 1596 ab
1162 1530 1380 1614 grammaticis

159 1632 367 1716 Pergamenis
388 1633 508 1713 factae,
541 1654 626 1716 quae
657 1639 695 1697 ut
726 1638 820 1698 erant
851 1639 958 1698 aetate
980 1635 1188 1717 posteriores,
1215 1634 1262 1698 ita
1284 1633 1380 1697 etiam

158 1735 376 1818 superioribus
391 1735 541 1818 videntur
555 1734 777 1817 diligentiores
793 1738 844 1801 vel
859 1742 946 1801 certe
962 1737 1134 1820 ampliores
1152 1735 1271 1799 fuisse‘
1315 1734 1380 1797 iam

159 1837 285 1901 videtur
321 1839 438 1903 mirum
470 1859 554 1916 esse,
599 1836 687 1920 quod
722 1844 854 1921 praeter
891 1839 1087 1904 comicorum
1123 1839 1253 1921 pinaces
1291 1836 1379 1900 solae

159 1946 323 2004 oratorum
351 1940 481 2005 tabulae
504 1941 663 2019 citantur,
687 1939 753 2004 sive
775 1941 808 2004 id
831 1941 913 2006 forte
936 1941 1068 2005 fortuna
1096 1941 1219 2005 factum
1241 1945 1290 2005 est
1311 1939 1377 2002 sive

158 2041 214 2106 hos
250 2043 337 2125 ipsos
372 2043 503 2125 pinaces
538 2043 699 2125 pleniores
737 2049 769 2108 et
802 2045 1020 2108 accuratiores
1052 2044 1174 2126 posteri
1208 2043 1379 2108 duxerunt.

157 2145 367 2227 posteriorem
393 2165 453 2228 ego
481 2145 659 2228 amplector
688 2146 896 2225 sententiam,
926 2146 1015 2228 quia,
1044 2167 1117 2210 cum
1139 2144 1324 2226 eloquentia
1346 2145 1381 2208 in

158 2246 241 2312 Asia
250 2268 377 2312 summa
391 2246 522 2312 floreret
531 2251 735 2328 auctoritate,
746 2253 911 2313 oratorum
920 2249 1093 2332 praecipue
1106 2248 1226 2329 scripta
1237 2246 1381 2330 undique

160 2349 343 2431 conligendi
376 2350 529 2432 Pergami
556 2350 698 2414 maxima
730 2354 843 2414 exorta
873 2356 923 2414 est
951 2351 1135 2416 necessitas.
1186 2370 1382 2431 quamquam

158 2449 254 2515 Dion.
279 2451 324 2516 H.
347 2473 378 2535 p.
403 2456 465 2516 630
497 2453 538 2517 de
568 2452 736 2536 pinaeibus
767 2449 936 2516 rhetoricis
959 2453 1170 2536 Pergamenis
1192 2472 1256 2515 non
1279 2452 1382 2515 minus

157 2552 266 2635 inique
296 2555 434 2636 iudicat,
467 2575 565 2636 quam
596 2554 636 2618 de
660 2552 854 2619 Callimachi
883 2555 1018 2637 tabulis,
1052 2560 1162 2620 tamen
1192 2559 1381 2636 reputantes

158 2655 326 2720 nobiscum
349 2656 436 2740 apud
451 2657 646 2740 Dionysium
669 2655 709 2721 de
725 2655 894 2720 Dinarcho
918 2657 981 2738 agi,
1004 2662 1042 2723 ut
1056 2658 1116 2722 cui
1133 2655 1261 2720 dicendi
1275 2655 1382 2720 forma

157 2758 287 2823 minime
321 2761 513 2840 eonstiterit,
548 2758 787 2842 neglegentiam
819 2759 984 2842 quandam
1017 2759 1228 2843 Pergamenis
1264 2759 1381 2824 condo-

157 2860 318 2940 nabimus,
351 2882 426 2927 cum
453 2863 644 2946 praesertim
666 2860 730 2926 alio
760 2883 800 2926 ex
829 2861 902 2926 loco
934 2864 1087 2946 consequi
1119 2861 1267 2926 videatur
1302 2861 1381 2926 Per·

157 2983 309 3044 gamenos
337 2966 371 3028 in
397 2966 518 3030 tabulis
547 2965 718 3030 rhetoricis
747 2965 975 3048 componendis
1007 2965 1260 3047 uniuscuiusque
1284 2970 1382 3050 atque

159 3065 257 3130 etiam
272 3060 432 3133 Dinarchi
455 3067 597 3134 indolem
621 3067 805 3132 accuratius
828 3073 1002 3150 spectasse.
1049 3068 1102 3134 Ps.
1121 3068 1280 3132 Dinarchi
1297 3069 1382 3134 enim

159 3169 262 3234 oratio
284 3167 370 3235 κατὰ
397 3169 629 3258 Δημοσθένους
660 3166 857 3256 παρανόμων
891 3165 1051 3251 ,stridore
1076 3159 1102 3234 ὦ
1131 3165 1261 3256 ἀνδρες,
1297 3176 1381 3235 teste

251 3408 272 3474 ¹)
291 3409 436 3463 Oratetem
459 3412 577 3479 pinacas
601 3411 755 3465 confecisse
782 3415 888 3480 negant
914 3409 947 3464 Ο.
977 3409 1134 3463 Schneider
1161 3414 1190 3462 et
1214 3412 1248 3463 A.
1277 3407 1383 3475 Nauck,

161 3492 329 3547 confirmant
368 3495 509 3566 Wegener
555 3496 686 3551 Meineke
735 3495 787 3549 Ed.
822 3495 911 3550 Μαίας
955 3496 984 3550 G.
1026 3495 1227 3562 Wachsmuth,
1270 3495 1383 3562 quibus-

161 3594 225 3631 cum
259 3578 341 3634 lacio.
391 3599 494 3652 magna
531 3599 595 3636 cum
630 3582 758 3636 veritatis
795 3583 889 3651 specie
924 3581 1026 3646 Meter,
1063 3581 1171 3634 Andoc.
1207 3580 1250 3634 IV
1287 3582 1320 3633 14
1351 3603 1381 3626 =

161 3662 261 3730 Opusc.
291 3664 306 3717 I
328 3668 363 3719 94
390 3668 518 3734 ,fortasse
543 3673 657 3736 praeter
683 3667 777 3735 ipsum
800 3668 945 3721 Oratetem
963 3669 1156 3733 Artemonem,
1185 3666 1383 3734 Asclepiadem

161 3747 350 3816 Myrleanum,
378 3753 595 3807 Athenodorum
627 3753 773 3807 Solensem
805 3753 949 3818 Stoicum,
977 3753 1138 3820 Caryatium
1167 3751 1383 3822 Pergamenum,

161 3831 340 3888 Demetrium
359 3836 513 3906 Scepsium,
527 3839 723 3892 Democritum
735 3838 950 3908 Pergamenum,
964 3837 1148 3905 HerodIcum
1161 3838 1244 3891 Corn.
1258 3839 1382 3890 Alexan·

161 3918 245 3971 drum
263 3920 479 3990 Polyhistorem,
494 3924 658 3978 Tauriscum
676 3925 706 3977 in
725 3911 839 3978 illarum
857 3925 1018 3978 tabularum
1040 3923 1277 3986 conficiendarum
1298 3923 1384 3976 socie·

160 4007 251 4058 tatem
273 4012 390 4061 vocatos
414 4013 483 4062 esse‘
507 4009 638 4062 coniecit.
675 4025 755 4062 eures
773 4009 1013 4080 bibliographices
1038 4015 1114 4064 certe
1140 4009 1236 4079 prodit
1254 4010 1382 4074 Artemo,

160 4090 208 4156 qui
227 4090 261 4144 de
277 4092 356 4146 libris
375 4094 548 4164 conligendis
573 4098 602 4148 et
619 4093 787 4148 adhibendis
812 4096 938 4164 scripsit3
962 4113 1013 4150 nec
1032 4096 1132 4150 dubito
1160 4096 1195 4149 de
1214 4095 1384 4163 Asclepiade

160 4174 243 4243 Myrl.
263 4177 296 4230 of.
315 4177 470 4232 Marcellin.
483 4180 533 4234 vit.
548 4179 634 4233 Thuc.
654 4181 701 4246 573
720 4179 753 4234 El.
766 4180 875 4247 Rohde,
895 4180 1000 4235 NRhM
1017 4181 1153 4236 XXXIII
1172 4183 1221 4235 173
1240 4198 1301 4255 sqq.
1314 4199 1340 4234 n.
1353 4183 1383 4246 45

160 4262 196 4314 A.
218 4261 300 4317 Deub
328 4265 346 4316 l.
369 4265 387 4318 l.
411 4282 438 4332 p.
461 4266 512 4318 457
540 4282 581 4332 sq.
611 4283 638 4318 n.
663 4267 710 4332 473
738 4266 774 4320 de
800 4267 988 4321 Athenodoro
1015 4267 1232 4322 bibliothecario
1259 4270 1383 4332 constat3

161 4346 321 4414 carystium
353 4351 557 4418 Pergamenum
593 4349 776 4405 didascalicis
805 4356 951 4406 auctorem
980 4355 1109 4407 novimus
1139 4370 1174 4406 ex
1202 4354 1308 4408 Athen.
1342 4351 1383 4406 VI

155 4433 217 4484 35³
238 4453 246 4502 3
278 4435 312 4488 de
338 4436 440 4489 ceteris
465 4436 558 4489 minus
581 4437 738 4505 probabilis
762 4441 806 4492 est
834 4438 933 4493 lleieri
956 4440 1091 4507 suspicio,
1115 4440 1169 4492 nisi
1192 4437 1268 4506 quod
1292 4437 1382 4490 Hero-

161 4519 241 4574 dieus
260 4525 289 4574 et
307 4520 459 4576 Tauriscus
478 4521 602 4576 Cratetis
621 4525 688 4576 sunt
706 4521 847 4593 discipuli.
