3362 5216
613 1503 1011 1640 llpimetrum.

288 1839 361 1924 Quo
397 1840 569 1908 dilucidius
605 1847 779 1925 appareret
812 1841 974 1908 artificum
1007 1839 1144 1906 decades
1176 1862 1195 1905 e
1223 1839 1424 1924 Quintiliano

202 1942 293 2028 (XII
316 1941 370 2027 10)
401 1949 522 2024 erutas,
553 1948 591 2007 ut
618 1964 704 2027 quae
731 1965 804 2009 cum
832 1951 999 2008 oratorum
1027 1943 1196 2008 ordinibus
1219 1949 1425 2026 comparatae

202 2051 317 2126 essent,
339 2045 577 2129 Pergamenum
598 2068 677 2129 prae
692 2068 727 2112 se
741 2046 827 2112 ferre
842 2047 1010 2130 originem,
1034 2067 1133 2130 supra
1149 2068 1180 2129 p.
1198 2050 1237 2110 75
1254 2047 1425 2111 docturum

202 2169 253 2212 me
282 2167 351 2212 esse
380 2149 527 2231 promisi,
560 2149 836 2232 Pergamenorum
869 2150 1073 2233 potissimum
1100 2150 1131 2212 vi
1165 2155 1197 2214 et
1229 2151 1425 2215 auctoritate

202 2250 323 2316 factum
346 2271 425 2332 esse,
447 2258 486 2316 ut
507 2272 580 2316 cum
602 2253 702 2336 signis
723 2253 910 2336 tabidisque
932 2252 1128 2336 eloquentia,
1150 2272 1223 2316 oum
1246 2252 1425 2317 artificibus

203 2359 348 2419 oratores
371 2353 653 2420 contenderentur.
698 2355 786 2438 quod
800 2356 994 2440 promissum
1008 2375 1094 2419 nunc
1108 2354 1272 2420 soluturus
1287 2357 1426 2439 primum

202 2463 400 2540 temporum,
424 2457 532 2539 quoad
555 2459 623 2522 eius
644 2457 716 2523 fieri
736 2460 853 2542 possit,
881 2457 994 2523 ordine
1017 2464 1144 2522 servato
1168 2459 1425 2542 comparationes

204 2558 376 2640 eiusmodi,
410 2581 493 2643 quas
515 2561 622 2640 adhuc
650 2562 685 2626 in
715 2562 881 2626 rhetorum
911 2561 1003 2627 libris
1036 2559 1202 2643 indagavi,
1236 2583 1426 2644 proponam,

204 2661 318 2727 deinde
356 2660 436 2745 quid
470 2662 550 2728 mihi
581 2663 621 2729 de
655 2685 767 2730 aarum
801 2670 911 2729 aetate
945 2662 1078 2728 consilio
1115 2663 1239 2745 origine
1266 2663 1425 2744 videatur,

203 2763 293 2829 breui
315 2763 531 2851 adiungam.¹)
577 2771 677 2851 atque
699 2767 844 2832 locorum
867 2765 997 2849 quidem
1018 2765 1074 2830 hie
1095 2771 1145 2837 est
1166 2773 1372 2850 conspectus:

246 2867 436 2934 Philonicus
462 2865 631 2952 Sicyonius
661 2890 712 2953 ap.
735 2869 834 2935 Dion.
857 2870 903 2935 H.
927 2869 967 2934 de
991 2869 1092 2936 Isoer.
1118 2873 1156 2932 13
1179 2891 1211 2952 p.
1235 2873 1313 2933 559:
1357 2869 1427 2933 Iso-

449 2977 573 3036 cratem
600 2973 737 3038 similem
766 2993 836 3038 esse
863 2968 1021 3059 ζωγράφῳ
1046 2974 1119 3046 ταῖς
1140 2966 1253 3046 αὐταῖς
1276 2969 1429 3059 ἐσθήσεσι

447 3071 504 3138 καὶ
536 3078 605 3150 τοῖς
637 3069 748 3157 αὐτοῖς
785 3073 925 3162 σχήμασι
958 3073 1070 3150 πάσας
1106 3071 1339 3158 ἐπικοσμοῦντι
1370 3071 1430 3149 τὰς

446 3174 582 3263 γραφάς·
980 3191 983 3195 ’
1127 3173 1130 3179 ’

251 3279 398 3344 Lucilius
421 3300 474 3364 ap.
498 3278 566 3345 oio.
589 3278 630 3346 de
652 3301 699 3345 or.
719 3279 779 3344 HI
802 3283 878 3344 171:
902 3278 1037 3344 Albucii
1059 3275 1160 3359 λέξεις
1180 3279 1293 3344 inlusit
1314 3277 1430 3362 ,lepide

448 3388 630 3467 compostae
669 3388 707 3447 ut
745 3382 935 3464 tesserulae,
983 3402 1094 3446 omnes
1134 3388 1204 3448 arte
1244 3383 1429 3467 pavimento

453 3493 553 3569 atque
576 3484 769 3551 emblemate
790 3483 1057 3570 vermiculato‘.²)
1199 3557 1209 3562 ,

254 3591 448 3661 Cornificius
477 3588 521 3654 ad
542 3585 623 3655 Her.
646 3588 700 3658 IV
723 3593 742 3652 6
765 3609 835 3672 sqq.
860 3588 915 3675 (de
937 3585 1146 3671 elocutione):
1191 3590 1230 3650 ut
1251 3584 1356 3667 magis
1378 3603 1431 3648 ars

454 3698 680 3777 cognoscatur,
697 3693 763 3757 suis
775 3691 931 3776 exemplis
947 3691 1062 3756 melius
1077 3709 1147 3754 esse
1162 3689 1221 3754 uti.
1238 3725 1279 3736 —
1295 3685 1431 3768 ,Chares

208 3883 410 3894 ιι-ι-ι--Ι-ι·

296 4014 318 4086 ¹)
335 4033 425 4086 pauca
442 4012 497 4070 hnc
516 4012 638 4070 contulit
650 4013 740 4081 Blass,
760 4013 810 4070 ΘΒ
823 4011 947 4082 Anhang
963 4030 990 4081 p.
1007 4012 1168 4079 ana-2313
1187 4010 1346 4064 novissimo
1360 4013 1432 4064 tem-

205 4120 274 4174 pore
297 4104 340 4169 ,de
364 4104 475 4172 pictura
497 4106 527 4156 et
549 4103 692 4171 sculptura
715 4101 790 4170 apud
812 4104 924 4154 veteres
948 4099 1086 4153 rhetores‘
1113 4097 1220 4168 [Lubet.
1240 4097 1328 4150 Paris.
1354 4098 1432 4167 1881]

205 4191 265 4260 egit
281 4189 315 4244 E.
329 4189 477 4254 Bertrand,
497 4188 545 4256 qui
563 4204 735 4257 quamquam
752 4187 844 4239 multa
862 4184 969 4250 attulit,
988 4200 1059 4253 quae
1077 4183 1113 4237 ad
1131 4183 1277 4238 rhetorum
1294 4185 1371 4238 locos
1389 4184 1431 4237 in-

204 4276 369 4332 lustrandos
391 4279 421 4330 et
446 4275 600 4328 cesthetice
618 4279 650 4327 ut
673 4274 753 4327 aiunt
773 4270 980 4340 intellegendos
1000 4287 1079 4324 suam
1097 4270 1230 4324 obtinent
1249 4270 1429 4340 dignitatem,

207 4379 298 4430 neque
321 4363 416 4416 omnia
438 4361 563 4431 conlegit
580 4377 671 4429 neque
688 4359 783 4413 fontes
800 4358 878 4411 illius
897 4358 986 4411 studii
1005 4357 1121 4412 detexit.

294 4447 317 4517 ¹)
337 4449 414 4504 idem
439 4449 537 4504 Cicero
559 4446 641 4502 Brut.
660 4447 713 4499 2⁷4
734 4444 770 4500 de
794 4444 903 4499 Calidio
920 4443 1115 4514 Apollodoreo
1141 4443 1282 4498 Lucilium
1303 4442 1434 4496 imitatus

207 4533 337 4590 tradidit.

1262 4633 1279 4685 6
