3362 5216
862 281 904 342 94

777 367 981 378 ——-———--

514 479 603 548 cultu
625 479 779 565 victuque
801 485 937 548 accessit
959 481 1078 568 aliquis
1102 483 1184 552 citra
1205 485 1489 570 reprehensionem

513 585 609 649 nitor.

313 701 403 772 VIII
425 708 454 786 6,
478 708 518 768 63
540 709 574 772 ct
594 705 651 770 IX
665 709 695 787 4,
719 712 760 772 27
775 709 860 774 inter
881 727 914 772 se
931 707 1138 789 aliquatenus
1156 716 1356 792 congruunt3
1380 711 1489 793 agitur

511 807 552 872 de
575 810 820 892 compositione:
844 811 1025 894 hyperbata
1046 810 1211 875 interdum
1233 813 1425 893 necessaria,
1450 818 1488 876 ut

513 911 547 974 in
567 912 745 976 structmis·
764 912 891 995 lapides
917 913 1057 994 impoliti
1087 917 1119 976 et
1140 912 1237 978 rudes
1258 935 1322 997 quo
1345 915 1484 997 quisque

512 1013 583 1078 loco
606 1015 754 1080 convenit
769 1020 1060 1099 coagmentantur„
1093 1014 1133 1079 cf.
1150 1015 1193 1082 ad
1209 1017 1307 1082 Dion.
1325 1018 1364 1082 de
1382 1038 1485 1100 comp.

515 1121 555 1181 22
578 1138 609 1199 p.
635 1120 705 1181 148.

269 1247 272 1253 “
310 1239 349 1304 Χ
370 1244 400 1320 2,
424 1243 442 1304 2
466 1237 521 1322 (dc
543 1237 752 1321 imitatione):
777 1239 879 1302 omnis
894 1236 981 1302 vitae
1003 1237 1087 1301 ratio
1111 1237 1157 1301 sic
1180 1242 1317 1318 constat,
1340 1242 1378 1300 ut
1400 1257 1483 1318 quae

511 1339 686 1423 probamus
709 1340 743 1404 in
765 1341 835 1404 aliis
851 1341 958 1405 facere
973 1341 1036 1423 ipsi
1051 1339 1193 1404 velimus.
1239 1342 1285 1404 sic
1299 1340 1485 1405 litterarum

511 1442 641 1524 ductus,
663 1447 701 1506 ut
723 1443 883 1508 scribendi
903 1443 962 1507 fiat
983 1463 1076 1522 usus,
1105 1443 1199 1525 pueri
1221 1449 1414 1525 sequuntur,
1438 1444 1485 1507 sic

512 1546 627 1609 musici
655 1566 765 1610 vocem
798 1545 997 1628 docentium,
1033 1547 1174 1629 pictores
1202 1567 1301 1630 opera
1328 1547 1482 1630 priorum,

511 1648 625 1713 rustici
647 1648 820 1730 probatam
835 1651 1054 1732 experimento
1078 1649 1238 1714 culturam
1252 1650 1286 1713 in
1303 1649 1486 1734 exemplum

512 1752 695 1830 intuentur,
725 1752 829 1816 omnis
851 1752 990 1835 denique
1013 1752 1205 1835 disciplinae
1226 1753 1321 1817 initia
1343 1752 1386 1817 ad
1407 1773 1482 1836 pro·

512 1853 654 1936 positum
674 1852 736 1917 sibi
757 1857 992 1938 praescriptum
1012 1855 1146 1920 formari
1169 1855 1324 1920 videmus.

310 1977 348 2042 X
370 1980 400 2052 2,
424 1978 443 2037 6
467 1992 515 2057 sq.
539 1971 594 2058 (de
616 1973 824 2060 imitatione):
856 1976 1005 2058 exempla
1033 1997 1099 2039 non
1122 1976 1226 2040 solum
1247 1975 1399 2057 adsequi,
1427 1973 1485 2038 sed

513 2095 667 2159 superare
689 2074 884 2142 studendum
900 2084 950 2142 est
972 2131 978 2144 .
994 2127 1001 2143 .
1016 2127 1023 2142 .
1038 2126 1045 2142 .
1062 2077 1337 2160 quemadmodum
1353 2076 1486 2160 quidam

509 2180 650 2265 pictores
672 2179 706 2242 in
727 2179 763 2246 id
785 2181 889 2245 solum
912 2181 1063 2262 student,
1092 2185 1129 2245 ut
1157 2179 1340 2245 describere
1362 2179 1484 2245 tabulis

508 2283 667 2347 mensuris
694 2303 733 2364 ac
759 2283 845 2347 liniis
877 2285 990 2350 sciant.
1045 2284 1124 2366 quid
1161 2289 1233 2348 erat
1264 2283 1427 2363 futurum,
1459 2283 1486 2346 si

512 2402 606 2450 nemo
628 2384 701 2468 plus
724 2384 882 2451 effecisset
905 2408 959 2468 eo,
988 2408 1084 2470 quem
1106 2384 1327 2469 sequebatur?
1349 2386 1431 2449 nihil
1452 2385 1486 2449 in

513 2489 618 2572 poetis
641 2509 740 2572 supra
762 2488 893 2554 Livium
907 2489 1143 2570 Andronicum,
1167 2489 1247 2553 nihil
1269 2489 1302 2552 in
1325 2488 1486 2552 historicis

507 2613 606 2674 supra
635 2590 823 2675 pontificum
853 2593 987 2656 annales
1021 2593 1231 2670 haberemus:
1264 2590 1391 2655 ratibus
1428 2590 1485 2654 ad·

512 2694 577 2758 huc
598 2694 838 2776 navigaremus:
863 2715 927 2758 non
950 2699 1035 2760 66666
1049 2695 1186 2776 pictura,
1210 2694 1272 2758 nisi
1286 2714 1371 2775 quae
1385 2693 1483 2756 linias

509 2803 669 2862 extremas
697 2797 845 2877 umbrae,
877 2817 974 2879 quam
1000 2817 1139 2879 corpora
1167 2799 1201 2861 in
1229 2796 1295 2861 sole
1322 2795 1484 2876 fecissent,

512 2899 797 2964 circumscriberet.

306 3022 364 3088 XI
387 3025 416 3103 3,
439 3023 480 3084 46
504 3019 558 3105 (de
580 3020 689 3104 rcce):
726 3014 898 3101 μονοτονία
927 3024 976 3084 666
1004 3018 1138 3083 vitanda
1167 3038 1292 3100 voxque
1318 3015 1484 3096 varianda,

509 3129 547 3188 ut
570 3123 626 3204 qui
649 3121 784 3204 singulis
807 3123 983 3204 pinxerunt
1007 3121 1167 3186 coloribus
1191 3122 1256 3186 alia
1278 3126 1387 3186 tamen
1410 3120 1485 3185 emi·

508 3227 657 3290 nentiora
678 3224 744 3296 alia
766 3224 951 3290 reductiora
973 3223 1128 3305 fecerunt,
1153 3225 1220 3288 sine
1244 3245 1308 3306 quo
1331 3244 1371 3288 ne
1387 3244 1484 3287 mem-

509 3327 577 3392 bris
599 3327 731 3409 quidem
754 3348 829 3392 suas
852 3329 946 3392 linias
970 3328 1144 3392 dedissent.

306 3448 364 3514 XI
387 3453 417 3528 3,
441 3453 481 3511 67
506 3448 561 3533 (de
584 3448 709 3535 gestu):
733 3469 793 3512 nec
808 3449 935 3528 mirum,
960 3448 1074 3528 siista,
1099 3445 1184 3530 quae
1198 3452 1308 3510 tamen
1322 3446 1355 3508 in
1373 3444 1484 3527 aliquo

508 3552 615 3634 posita
646 3558 722 3615 sunt
751 3557 857 3633 motu,
889 3555 1016 3615 tantum
1047 3550 1082 3614 in
1114 3550 1228 3613 animis
1258 3548 1382 3628 valent,
1415 3568 1487 3611 cum

507 3655 646 3736 pictura,
669 3662 780 3718 tacens
803 3675 883 3737 opus
909 3659 941 3717 et
962 3652 1092 3717 habitus
1116 3673 1242 3734 semper
1265 3651 1416 3730 eiusdem,
1440 3650 1486 3714 sic

505 3757 540 3822 in
560 3759 691 3822 intimos
713 3762 862 3840 penetret
885 3756 1049 3838 adfectus,
1080 3761 1117 3819 ut
1139 3757 1245 3838 ipsam
1267 3755 1332 3819 vim
1354 3751 1484 3818 dicendi

507 3881 741 3943 nonnunquam
766 3881 922 3943 superare
945 3859 1102 3924 videatur.

304 3982 381 4048 XII
405 3984 455 4063 10,
482 3985 498 4044 l
520 4001 609 4063 sqq:
633 4002 686 4046 ars
710 3986 742 4045 et
758 3981 877 4046 artifex
893 3981 1069 4063 plurimum
1090 3980 1227 4043 invicem
1242 3976 1413 4057 differunt3
1428 3998 1487 4041 nec

450 4154 453 4158 ⁴
507 4085 612 4148 solum
635 4086 742 4168 specie
764 4090 801 4149 ut
824 4085 953 4166 signum
974 4083 1064 4165 signo
1093 4089 1126 4147 66
1156 4082 1271 4146 tabula
1298 4081 1430 4145 tabulae
1454 4086 1486 4144 66

505 4189 591 4252 actio
607 4188 736 4269 actioni,
753 4187 811 4252 sed
833 4208 949 4269 genere
972 4187 1052 4269 ipso,
1077 4192 1114 4249 ut
1131 4185 1267 4250 Graecis
1283 4183 1486 4248 Tuscanicae

506 4295 649 4372 statuae,
681 4297 718 4354 ut
747 4291 892 4356 Asianus
924 4290 1078 4372 eloquens
1110 4289 1224 4354 Attico
1256 4325 1299 4334 -
1328 4307 1393 4350 non
1419 4306 1487 4349 una

505 4394 653 4459 omnibus
672 4395 796 4478 placuit
813 4395 918 4458 forma
941 4393 1135 4478 (sequuntur
1157 4391 1317 4456 artificum
1330 4388 1485 4468 decades,

508 4497 629 4582 quibus
651 4497 771 4563 adlatis
792 4497 930 4563 Latinos
959 4503 1104 4562 oratores
1135 4500 1305 4579 comparat
1333 4489 1486 4577 Quintili·
