3362 5216
700 279 903 374 ,s-

236 475 291 540 Ps.
320 475 424 559 Leng.
455 499 493 541 π.
519 473 579 556 όψ.
611 482 649 542 17
678 499 710 560 p.
739 482 796 542 38:
836 475 984 567 σχήματα
1011 500 1051 544 ne
1073 475 1247 542 manifeste
1269 475 1412 560 prodant

443 578 608 659 fraudem,
632 580 837 646 obscuranda
856 589 932 648 sunt
953 585 1026 667 ipsa
1047 581 1257 646 sublimitate.
1301 575 1414 659 σχεδὸν

438 678 499 767 γὰρ
520 678 632 766 ῶσπερ
651 681 709 748 καὶ
730 678 876 772 τάμυδρά
898 682 998 773 φέγγη
1020 679 1244 770 έναφανίζεται
1266 683 1313 768 τῷ
1333 675 1412 768 ἡλίῳ

439 783 708 869 περιαογοόμενα,
747 785 831 851 οὕτω
864 785 906 853 τὰ
938 790 995 876 τῆς
1027 787 1192 875 ῥητορικῆς
1223 779 1412 871 σοφίσματα

438 881 611 974 έξαμαυροῖ
633 886 809 974 περιχυθὲν
832 887 998 955 πάντοθεν
1019 887 1057 955 τό
1074 887 1223 974 μέγεθος·
1248 881 1284 951 οὗ
1300 883 1412 972 πόρρω

439 988 467 1052 δ’
490 984 570 1065 ἴσως
590 987 706 1055 τοότου
728 989 785 1056 καὶ
807 989 867 1057 ἐπὶ
889 996 945 1079 τῆς
973 988 1157 1079 ζωγραφίας
1178 1014 1211 1055 τι
1234 984 1410 1073 συμβαίνει·

439 1088 498 1156 ε’πί
526 1090 587 1178 γὰρ
613 1095 672 1157 τοῦ
699 1087 799 1158 αὐτοῦ
824 1093 978 1177 κειμένων
1005 1092 1168 1160 ἐπιπέδου
1198 1090 1413 1180 παραλλήλων

438 1189 472 1256 έν
498 1192 645 1281 χρώμασι
666 1198 722 1283 τῆς
743 1199 838 1273 σκιᾶς
858 1219 894 1262 τε
915 1195 1051 1262 καὶτοῦ
1072 1192 1196 1283 φωτός,
1225 1193 1312 1278 ὅμως
1334 1217 1411 1281 προ-

438 1301 570 1385 υπαντᾷ
595 1321 630 1363 τε
651 1297 688 1362 τὸ
711 1301 783 1385 φῶς
804 1302 877 1388 ταῖς
902 1293 1002 1382 όψεσι
1029 1297 1086 1364 καί
1114 1293 1150 1363 οὐ
1172 1295 1269 1381 μόνον
1291 1292 1409 1379 ἔξοχον,

438 1393 520 1463 ἀλλὰ
542 1399 598 1464 καί
621 1398 776 1488 ἐγγυτέρω
801 1400 893 1488 παρὰ
915 1401 999 1467 πολὺ
1019 1398 1180 1489 φαίνεται.
1225 1395 1340 1466 οόκοιῖν
1354 1398 1411 1466 καί

438 1504 504 1564 τῶν
531 1499 634 1588 λόγων
660 1502 703 1568 τὰ
725 1501 823 1591 πάθη
845 1503 901 1570 καί
928 1503 971 1570 τὰ
998 1504 1068 1590 ίίψη
1088 1508 1161 1580 ταῖς
1181 1506 1302 1590 ψυχαῖς
1323 1499 1413 1591 ἡμῶν

440 1599 595 1691 ἐγγυτέρω
616 1601 746 1688 κείμενα
768 1605 824 1672 διά
844 1630 880 1673 τε
902 1605 1041 1696 φυσικήν
1061 1631 1134 1672 τινα
1155 1603 1337 1691 συγγένειαν
1355 1605 1413 1671 καί

439 1703 495 1770 διὰ
515 1706 742 1796 λαμπρότητα,
773 1703 823 1775 άεί
851 1713 917 1775 τῶν
944 1708 1114 1798 σχημάτων
1140 1705 1413 1797 προεμφανίζεται

439 1807 496 1873 καί
516 1808 574 1899 τὴν
587 1808 697 1900 τέχνην
711 1807 817 1878 αὐτῶν
832 1812 1014 1894 ἐπισκιάζει
1029 1811 1085 1879 καί
1100 1801 1167 1878 οἷον
1182 1809 1216 1877 έν
1229 1806 1413 1900 καταλήψει

441 1917 537 2000 τηρεῖ.

237 2014 292 2078 Ps.
316 2014 421 2098 Long.
443 2039 482 2081 π.
505 2013 565 2101 όφ.
589 2020 630 2080 30
651 2039 682 2100 p.
705 2020 763 2082 48:
802 2013 907 2106 ἡτῶν
934 2012 1052 2103 κυρίων
1077 2015 1135 2082 καί
1154 2016 1413 2104 μεγαλοπρεπῶν

438 2105 604 2201 ὀνομάτων
625 2116 738 2208 ἐκλογὴ
759 2124 958 2204 θαυμαστῶς
980 2115 1049 2205 άγει
1070 2119 1127 2185 καὶ
1148 2119 1324 2207 κατακηλεῖ
1337 2117 1413 2196 τοὺς

436 2215 612 2298 ἀκούοντας
634 2271 668 2286 ..
689 2271 696 2287 .
717 2273 723 2288 .
748 2219 884 2305 μέγεθος
907 2221 974 2305 ἅμα
996 2221 1113 2298 κάλλος
1130 2218 1298 2288 εῠπίνειαν
1311 2219 1411 2308 βάρος

439 2319 530 2405 ίσχὺν
541 2323 667 2409 κράτος,
678 2320 728 2390 ἔτι
738 2323 773 2390 δὲ
782 2315 885 2390 τᾶλλα
898 2376 905 2391 .
920 2376 928 2390 .
942 2376 949 2390 .
965 2330 1053 2402 ,τοῖς
1063 2324 1170 2412 λόγοις
1185 2324 1299 2412 ῶσπερ
1313 2319 1409 2410 άγάλ

438 2448 519 2511 μασι
547 2423 734 2503 καλλίστοις
755 2427 798 2492 δι’
822 2423 920 2516 αὐτῆς
942 2425 1101 2493 ἐπανθεῖν
1123 2425 1412 2515 παρασκευάζουσα

437 2529 494 2595 καί
517 2527 614 2596 οῖονεί
636 2524 743 2618 ψυχήν
763 2552 837 2595 τινα
859 2535 929 2608 τοῖς
951 2527 1120 2620 πράγμασι
1135 2529 1319 2619 φωνητικην
1333 2528 1412 2596 ἐντι-

338 2628 341 2636 ’
436 2636 641 2700 θεῖσα
665 2635 737 2719 φῶς
763 2631 891 2720 γὰρτῷ
912 2628 982 2700 όντι
1002 2630 1087 2702 ίδιον
1108 2638 1168 2699 τοῦ
1189 2637 1246 2699 νοῦ
1265 2632 1307 2700 τὰ
1327 2631 1413 2700 καλὰ

437 2731 593 2820 ὀνόματα.

235 2836 290 2902 Ps.
314 2837 419 2924 Long.
442 2866 481 2906 π.
504 2838 563 2918 όψ.
587 2844 628 2904 36
649 2862 681 2923 p.
706 2845 761 2906 59:
785 2837 869 2924 πρὸς
882 2835 992 2921 μέντοι
1006 2837 1111 2924 γετὸν
1125 2835 1291 2926 γράφοντα
1312 2837 1411 2923 (Oee-

436 2943 546 3008 cilium
566 2944 719 3026 intellego
742 2963 816 3008 eum
837 2942 947 3006 multis
978 2942 1101 3026 eliis1),
1133 2936 1177 3015 ῶς
1208 2936 1226 3005 ὁ
1257 2939 1413 3017 κολοσσὸς

442 3040 688 3133 όὴμαρτημένος
698 3039 735 3110 οὗ
747 3040 900 3128 κρείττων
915 3037 934 3132 ἢ
949 3039 966 3108 ὁ
981 3039 1201 3108 Πολυκλείτου
1224 3037 1410 3130 δορυφόρος,

435 3145 633 3235 παράκειται
665 3145 750 3233 πρὸς
782 3147 919 3224 πολλοῖς
947 3143 1062 3228 εἰπεῖν,
1097 3144 1149 3211 ὅτι
1174 3142 1234 3210 ε’πί
1265 3142 1325 3228 μὲν
1355 3148 1412 3233 τῆς

437 3247 546 3337 τέχνης
580 3249 782 3334 θαυμάζεται
816 3247 853 3316 τὸ
891 3245 1135 3337 ἀκριβέστατον,
1178 3246 1238 3312 ἐπὶ
1274 3245 1310 3314 δέ
1346 3251 1412 3312 τῶν

438 3357 585 3440 φυσικῶν
606 3348 706 3438 έργων
726 3350 763 3418 τὸ
779 3350 927 3438 μέγεθος,
950 3349 1047 3441 φύσει
1062 3349 1097 3417 δέ
1110 3346 1270 3436 λσγικόνὸ
1287 3344 1410 3437 άνθρω-

323 3445 327 3453 ’
437 3477 511 3530 πος.
555 3451 643 3520 κάπί
670 3453 729 3538 μέν
757 3451 954 3543 ἀνδριάντων
981 3455 1120 3542 ζητεῖται
1149 3452 1187 3520 τὸ
1218 3452 1330 3536 ὅμοιον
1359 3448 1410 3518 άν-

434 3554 575 3645 θρυίπῳ,
599 3555 659 3623 ἐπί
682 3555 717 3623 δὲ
737 3561 797 3623 τοῦ
819 3555 966 3643 λόγουτὸ
989 3553 1172 3643 ὑπεραῖρον,
1197 3551 1241 3632 ῶς
1255 3551 1345 3644 έφην,
1368 3553 1411 3622 τὰ

435 3655 641 3747 άνθρῶπινα.

279 3759 343 3844 Qui
375 3783 460 3828 nune
490 3768 672 3846 sequuntur
703 3763 894 3845 scriptores,
923 3762 1010 3827 idem
1032 3760 1245 3844 comparandi
1267 3759 1411 3825 studjum

191 3863 290 3928 etiam
311 3885 371 3948 per
392 3871 497 3932 totum
520 3867 685 3932 saeculum
700 3867 840 3951 primum
854 3865 1002 3947 viguisse,
1026 3862 1100 3929 dein
1122 3864 1226 3946 magis
1240 3864 1410 3947 magisque

190 3963 376 4032 defloruisse
419 3968 549 4048 doeent3
585 3968 681 4053 longe
714 3970 800 4034 inter
836 3989 946 4032 omnes
979 3965 1108 4032 excellit
1138 3987 1222 4030 unus
1256 3965 1409 4050 Quintili-

192 4087 283 4150 anus,
307 4090 346 4134 ex
369 4091 432 4153 quo
456 4093 529 4136 eum
552 4070 690 4137 decades
713 4072 789 4137 illae
812 4070 972 4136 artificum
988 4068 1177 4152 desumptae
1192 4069 1266 4150 sint,
1289 4090 1409 4150 omnes,

192 4170 249 4252 qui
272 4171 350 4236 mihi
374 4180 593 4256 occurrerunt,
615 4175 704 4240 locos
727 4179 896 4258 excerptos
919 4173 1094 4257 proferam:

277 4426 298 4495 ¹)
317 4425 432 4481 Weiske
451 4427 487 4481 ad
503 4405 571 4496 loe.;'
587 4429 677 4495 Blass,
696 4428 746 4482 ΘΒ
770 4431 819 4484 192
842 4445 869 4485 n.
889 4429 916 4496 l;
939 4427 1066 4482 Martens
1088 4427 1154 4482 diss.
1174 4445 1195 4482 s.
1214 4444 1237 4482 ο.
1255 4445 1282 4496 p.
1303 4429 1335 4481 12
1361 4445 1410 4497 eq„

190 4511 240 4580 qui
260 4513 347 4566 etiam
365 4513 480 4568 Othonis
497 4514 597 4568 «lehnii
614 4514 817 4570 auctoritatem
834 4515 945 4584 (Herm.
962 4515 1017 4569 vol.
1034 4513 1067 4568 11
1083 4531 1111 4583 p.
1129 4515 1193 4582 239)
1212 4514 1288 4568 nitet.
