3362 5216
725 291 820 378 ,aa

230 491 263 563 V
288 497 337 577 12,
360 496 401 558 21
418 491 473 578 (da
488 493 550 558 usu
565 499 846 576 argumentorum:
871 497 911 562 de
935 495 1192 582 confirmatione)
1213 495 1404 561 declamatio

434 595 557 662 riribm
578 597 738 679 gravitate
761 601 935 666 sanctitate
951 609 1053 680 caret,
1078 601 1264 684 eloquentia
1283 600 1340 663 illa
1355 603 1405 662 est

432 697 620 780 libidinosa,
647 721 698 780 ,ne
720 701 888 767 minimum
909 703 1040 787 quidem
1055 704 1089 768 in
1104 725 1139 768 se
1153 702 1307 768 indicium
1321 723 1405 766 mas·

434 801 499 866 culi
528 808 561 868 et
590 804 780 887 incorrupti,
811 827 850 871 ne
881 807 986 889 dicam
1017 807 1123 890 gravis
1153 810 1186 870 at
1213 805 1316 870 sancti
1344 805 1406 868 uiri

434 905 587 971 ostendit.
637 927 679 972 an
703 929 779 972 vero
810 913 993 975 statuarum
1025 908 1166 974 artifices
1198 909 1405 990 pictoresque

434 1008 614 1090 clarissimi,
638 1030 711 1074 cum
734 1031 870 1092 corpora
885 1031 983 1092 quam
1004 1011 1240 1095 speciosissima
1254 1008 1406 1092 fingendo

435 1110 663 1194 pingendoque
686 1112 813 1178 efficere
836 1121 1000 1196 cuperent,
1023 1133 1191 1195 nunquam
1212 1114 1246 1177 in
1261 1113 1347 1176 hunc
1359 1113 1407 1175 in·

436 1213 583 1280 ciderunt
598 1235 749 1296 errorem,
765 1221 803 1280 ut
813 1215 961 1298 Bagoam
973 1224 1031 1281 aut
1041 1216 1254 1300 Megabyzum
1264 1214 1409 1297 aliquem
1498 1209 1501 1216 Δ

436 1315 470 1380 in
493 1316 676 1400 exemplum
696 1319 803 1400 operis
826 1324 989 1382 sumerent
1011 1318 1081 1402 sibi,
1103 1319 1161 1383 sed
1177 1317 1409 1401 Doryphorum

434 1417 527 1484 illum
559 1424 673 1502 aptum
706 1421 758 1485 vel
786 1420 922 1485 militiae
955 1421 1006 1486 vel
1037 1421 1234 1504 palaestrae,
1269 1420 1408 1484 aliorum

437 1542 565 1606 quoque
579 1525 731 1588 iuvenum
752 1517 978 1608 bellicosorum
1000 1528 1033 1588 et
1054 1525 1252 1588 athletarum
1273 1543 1409 1606 corpora

436 1623 641 1692 decoravere
661 1627 939 1692 existimaverunt:
962 1647 1030 1707 nos,
1053 1627 1109 1710 qui
1124 1633 1286 1692 oratorem
1300 1625 1409 1691 stude·

436 1749 507 1793 mus
528 1727 697 1826 effingere,
725 1751 791 1796 non
814 1751 921 1811 arma,
950 1730 1008 1794 sed
1028 1735 1184 1814 tympana
1205 1730 1409 1812 eloquentiae

436 1829 581 1897 demus?‘

235 1983 326 2052 VIII
349 1989 378 2065 5,
404 1987 444 2047 25
470 2005 559 2066 sqq:
583 1985 817 2048 sententiarum
838 1983 1001 2069 (γνωμῶν)
1028 1984 1062 2048 in
1091 1986 1238 2049 oratione
1264 2005 1342 2049 usus
1369 2005 1409 2048 ne

438 2087 481 2150 sit
494 2087 694 2167 immodicus,
711 2087 860 2169 picturae
876 2086 1021 2168 exemplo
1036 2087 1244 2152 inlustratur:
1262 2087 1408 2169 pictura,

438 2190 472 2253 in
494 2211 559 2272 qua
579 2190 661 2254 nihil
682 2190 898 2254 circumlitum
920 2195 983 2272 eet,
1013 2211 1078 2254 non
1100 2191 1228 2255 eminet.
1271 2190 1409 2272 ideoque

440 2291 581 2358 artifices
605 2294 719 2373 otiam,
749 2313 822 2357 cum
848 2293 945 2376 plura
966 2293 1000 2357 in
1022 2313 1121 2357 unam
1143 2292 1288 2358 tabulam
1310 2313 1411 2375 opera

439 2396 654 2477 contulerunt,
671 2397 785 2478 spatiis
801 2396 1013 2478 distinguunt,
1029 2418 1069 2460 ne
1080 2396 1215 2460 umbrae
1227 2397 1260 2459 in
1273 2415 1411 2478 corpora

440 2499 581 2564 cadant‘
626 2499 723 2564 simili
740 2499 836 2562 modo
855 2498 949 2562 nimis
969 2499 1075 2564 soluta
1095 2519 1135 2562 ae
1157 2499 1252 2563 nimis
1283 2499 1412 2563 concisa

439 2603 543 2666 oratio
572 2600 708 2666 offendit
734 2599 788 2686 (cf.
817 2600 860 2664 ad
887 2600 1032 2666 Demetr.
1061 2626 1098 2665 π.
1119 2596 1189 2686 ἑρμ.
1214 2605 1278 2687 13).
1323 2600 1412 2684 quod

445 2705 539 2770 nimis
560 2705 657 2787 lucet,
681 2704 825 2785 dedecet,
847 2705 935 2769 velut
952 2704 1062 2768 lumen
1084 2704 1192 2769 adfert
1214 2705 1324 2769 clarus
1337 2726 1412 2787 pur·

439 2829 540 2892 purae
570 2809 604 2872 in
629 2808 701 2872 loco
730 2809 887 2888 insertus,
918 2807 1077 2890 neminem
1099 2805 1215 2872 deceat
1234 2809 1413 2872 intertexta

443 2909 591 2992 pluribus
613 2913 698 2975 notis
719 2911 818 2974 vestis
833 2908 994 2995 (Demetr.
1018 2915 1095 2987 1083
1117 2909 1253 2974 Lucian.
1270 2913 1343 2986 πῶς
1364 2908 1413 2973 δεῖ

440 3008 583 3098 ἱστορίαν
594 3009 788 3098 συγγράφειν
798 3017 847 3093 lb,
864 3013 936 3099 23).·
960 3033 1072 3094 ,quare
1086 3013 1162 3078 licet
1173 3013 1254 3078 hacc
1265 3017 1298 3077 et
1310 3013 1413 3077 nitere

441 3124 475 3182 et
496 3117 703 3202 aliquatenus
726 3122 854 3181 exstare
876 3115 1064 3196 videantur,
1093 3121 1203 3180 tamen
1230 3121 1263 3180 et
1289 3117 1413 3180 lumina

440 3221 497 3286 illa
527 3241 593 3284 non
620 3217 786 3299 flammae,
814 3219 871 3284 sed
902 3218 1052 3284 scintillis.
1078 3219 1164 3283 inter
1193 3218 1317 3284 fumum
1340 3221 1414 3284 emi·

443 3323 593 3390 cantibus
615 3323 732 3388 similia
754 3322 874 3388 dixeris
901 3324 1000 3406 (quae
1028 3343 1075 3386 ne*
1090 3330 1251 3404 apparent
1272 3322 1413 3406 quidem,

440 3425 497 3490 ubi
521 3431 592 3491 tota
613 3427 701 3491 lucet
722 3427 837 3506 oratio,
861 3430 898 3489 ut
920 3426 954 3488 in
969 3424 1036 3490 sole
1052 3424 1161 3490 sidera
1175 3426 1246 3508 ipsa
1262 3425 1415 3491 desinunt

442 3529 530 3595 cerni
552 3527 622 3616 [Ps.
645 3529 750 3613 Long.
772 3553 811 3593 π.
834 3525 894 3612 tq.
918 3533 957 3592 17
979 3549 1010 3612 p.
1034 3525 1104 3615 38])
1134 3534 1167 3592 et
1187 3550 1271 3612 quae
1293 3530 1414 3594 crebris

440 3634 615 3719 parvisque
637 3633 806 3700 conatibus
830 3653 864 3697 se
886 3631 1056 3714 attollunt,
1079 3632 1265 3717 inaequalia
1286 3640 1415 3700 tantum

443 3743 476 3802 et
498 3737 586 3801 velut
608 3737 800 3820 confragosa
823 3757 889 3800 nec·
903 3734 1151 3814 admirationem
1173 3744 1416 3822 consequuntur

443 3826 652 3904 eminentium
675 3847 709 3904 et
728 3840 900 3923 planorum
923 3841 1063 3922 gratiam
1077 3839 1239 3922 perdunt!
1283 3862 1343 3906 nec
1359 3842 1415 3923 qui

443 3943 529 4008 solas
553 3948 666 4026 captat
686 3943 872 4024 sententias,
895 3944 1015 4008 multas
1037 3963 1102 4007 non
1120 3943 1206 4007 dicet
1219 3942 1306 4008 leves
1326 3944 1415 4028 frigi-

443 4040 502 4110 das
522 4045 651 4130 ineptas
675 4095 809 4111 .....
834 4067 873 4111 ex
896 4048 1000 4111 altera
1019 4051 1112 4130 parte
1126 4068 1167 4111 ne
1182 4047 1416 4112 sententiarum

441 4169 519 4212 usus
546 4148 791 4230 reformidatur,
821 4170 893 4223 cum
916 4151 972 4233 qui
994 4151 1145 4230 timeant,
1175 4171 1215 4214 ne
1239 4150 1415 4232 aliquando

448 4250 577 4333 cadant,
600 4273 727 4336 semper
741 4253 879 4316 iaceant.
917 4252 1042 4318 lumina
1057 4253 1211 4317 orationis
1227 4254 1315 4318 velut
1329 4252 1416 4318 oculi

443 4355 575 4437 quidam
598 4363 674 4420 sunt
696 4357 869 4439 orationis,
898 4377 979 4439 quos
1006 4378 1065 4421 nec
1091 4361 1161 4420 toto
1190 4376 1325 4440 corpore
1347 4377 1415 4423 esse

440 4457 519 4524 velis
563 4481 623 4525 nec
666 4458 811 4525 deficere.
870 4465 963 4544 'patet
997 4459 1105 4525 media
1146 4460 1213 4543 via,
1256 4462 1340 4525 sicut
1382 4461 1416 4526 in
