3362 5216
890 287 928 348 12

295 510 368 554 eum
398 496 563 554 auctorem
593 488 690 553 fuisse
719 489 891 569 iudicavit,
919 487 1007 571 quod
1034 509 1091 552 cur
1119 487 1289 552 arhetore
1310 489 1513 570 potissimum

294 592 370 656 talis
410 597 575 656 oratorum
616 591 731 655 electio
772 591 920 674 profecte
961 612 1030 655 esse
1080 591 1227 669 deberet,
1272 612 1335 654 non
1380 589 1514 654 videret.

294 694 328 757 in
356 694 458 758 multo
485 693 639 758 maiorem
667 712 808 758 errorem
838 693 990 776 delapsus
1021 699 1070 758 est
1091 693 1235 774 Hampe,
1268 695 1325 775 qui
1359 691 1514 775 Bergkio,

296 795 394 862 GLG
436 796 455 860 I
499 799 559 859 ael
605 795 768 860 rhetorem
813 798 944 862 canonis
990 802 1154 861 auctorem
1198 817 1268 861 esse
1316 795 1513 878 astipulatus

295 899 340 982 (p.
365 903 418 962 15:
448 897 612 962 vielleicht
638 898 822 964 schwebten
852 898 925 964 dem
951 897 1175 964 betreffenden
1202 900 1328 964 Rhetor
1358 898 1410 963 die
1432 896 1515 962 nehn

294 1001 427 1066 Redner
453 1021 511 1066 vor
545 1000 621 1087 etc.)
654 1017 719 1066 n'on
752 1007 862 1066 tamen
894 1009 944 1066 est
977 1003 1168 1086 impeditus,
1208 1002 1286 1084 quin
1325 1000 1513 1084 Didymum,

295 1126 391 1186 quem
428 1102 568 1168 rhetoris
603 1104 731 1169 nomine
765 1105 896 1169 minime
936 1126 1005 1170 esse
1045 1104 1225 1170 ornandum
1263 1125 1357 1169 nemo
1401 1104 1513 1184 nescit,

295 1207 427 1272 canonis
450 1207 651 1270 inventorem
674 1226 743 1270 esse
765 1211 933 1271 statueret.

381 1309 508 1392 Quibus
542 1309 582 1374 de
615 1307 915 1374 Alexandrinorum
951 1307 1153 1392 principibus
1186 1309 1329 1392 peractis
1361 1306 1441 1390 quid
1473 1307 1514 1372 de

294 1412 578 1495 grammaticorum
607 1410 906 1478 Alexandrinorum
927 1410 1043 1476 studiis
1062 1411 1097 1475 in
1118 1411 1304 1475 universum
1326 1409 1514 1489 iudicemus,

224 1512 226 1516 ’
293 1537 358 1580 non
381 1514 486 1579 estin
508 1514 654 1579 obscuro
698 1518 829 1595 poetas·
842 1513 909 1578 fere
938 1512 1022 1578 soloe
1049 1512 1250 1578 enarrandos
1277 1511 1514 1578 elucubrandos

293 1617 378 1681 notis
400 1616 498 1680 variis
512 1615 720 1680 instruendos
735 1614 913 1696 elegerunt,
936 1616 1107 1698 scriptores
1122 1614 1288 1698 pedestres
1303 1612 1518 1697 neglexerunt

295 1739 470 1801 eorumque
499 1717 672 1782 dictionem
695 1718 757 1782 nisi
782 1717 824 1780 ad
846 1723 959 1800 poetas
990 1718 1175 1781 accuratius
1198 1715 1459 1800 interpretandos
1483 1723 1517 1781 et

295 1820 561 1886 commentandos
582 1841 647 1885 non
662 1819 891 1885 adhibuerunt.
936 1820 998 1884 hoc
1018 1821 1104 1885 idem
1119 1819 1351 1902 intellegemus,
1375 1820 1403 1883 si
1418 1819 1517 1902 quale

295 1924 578 2004 grammaticorum
602 1922 743 1987 officium
765 1921 969 1987 describatur
992 1928 1024 1986 et
1046 1922 1207 2006 quomodo
1233 1923 1307 2005 ipsa
1333 1943 1386 1986 ars
1410 1945 1517 2006 gram-

294 2026 433 2090 maticae
450 2025 623 2089 definiatur
635 2024 722 2108 apud
734 2031 857 2090 veteres
870 2029 1025 2104 austerae,
1042 2025 1209 2090 nobiscum
1219 2025 1517 2107 reputaverimus.¹)

294 2149 373 2210 prae
406 2127 530 2206 ceteris,
566 2149 647 2210 quos
678 2128 835 2210 plurimos
869 2127 909 2191 de
938 2128 1224 2209 grammaticorum
1251 2127 1356 2192 officio
1383 2149 1516 2210 possum

295 2229 442 2309 adferre,
470 2230 548 2294 locis
578 2251 676 2294 unum
705 2229 871 2294 Ciceronis
901 2230 934 2292 in
961 2229 1068 2293 medio
1089 2251 1224 2312 ponam,
1252 2231 1307 2312 qui
1329 2229 1516 2296 brevissime

294 2332 444 2416 idemque
467 2333 651 2416 plenissime
673 2332 898 2416 complectitur
913 2332 1196 2413 grammaticorum
1212 2333 1321 2396 studia
1343 2332 1393 2396 his
1409 2333 1516 2397 verbis

295 2435 351 2519 (de
378 2457 424 2499 or.
458 2437 476 2499 Ι
505 2435 576 2519 42):
622 2436 666 2514 ,in
700 2435 920 2516 grammaticis
954 2438 1126 2515 poetarum
1161 2435 1387 2517 pertractatio,
1414 2436 1515 2500 histo·

293 2537 414 2603 riarum
448 2538 606 2620 cognitio,
640 2537 811 2602 verborum
841 2537 1087 2618 interpretatio,
1121 2536 1353 2620 pronuntiandi
1383 2537 1516 2622 quidam

294 2640 444 2723 sonus‘2)
487 2641 521 2704 in
543 2642 646 2722 poetis
669 2636 909 2722 pertractandis
925 2658 1124 2720 quamquam
1142 2640 1288 2722 plerique
1310 2639 1515 2722 grammatici

294 2743 392 2806 etiam
425 2741 543 2807 iudicio
578 2748 611 2807 at
644 2742 791 2806 acumine
823 2740 1017 2818 utebantur,
1054 2747 1162 2805 tamen
1196 2742 1326 2808 illorum
1359 2742 1515 2807 iudicium

293 2846 484 2927 plerumque
502 2866 607 2928 usque
627 2866 664 2910 eo
686 2850 815 2909 tantum
836 2840 985 2920 tetendit,
1008 2849 1045 2907 ut
1067 2865 1188 2924 ,versus
1204 2845 1350 2911 censoria
1372 2844 1514 2927 quadam

293 2948 420 3028 virgula
441 2953 593 3011 notarent
615 2952 647 3010 et
661 2947 773 3025 libros,
797 2947 853 3030 qui
875 2945 957 3009 falso
972 2945 1160 3010 viderentur
1173 2947 1329 3028 inscripti,
1345 2952 1516 3029 tamquam

293 3048 440 3114 subditos
469 3049 696 3113 submoverent
717 3047 866 3126 familia‘3
894 3049 1087 3128 acutissimi,
1116 3048 1229 3131 quales
1259 3049 1515 3132 Aristophanem

293 3157 326 3215 et
340 3152 571 3216 Aristarchum
585 3150 802 3230 laudavimus,
826 3157 938 3233 poetas
967 3151 1059 3230 ,alios
1086 3151 1119 3214 in
1142 3150 1288 3215 ordinem
1309 3151 1513 3234 redegerunt,

293 3254 373 3318 alios
401 3255 529 3319 omnino
557 3259 746 3318 exemerunt
775 3259 920 3319 numero‘
949 3253 1076 3340 (Quint.
1103 3254 1121 3316 Ι
1148 3257 1179 3325 4,
1202 3255 1246 3336 3),
1277 3254 1368 3318 cuius
1396 3275 1514 3336 operae

293 3377 370 3420 sanc
415 3362 504 3420 certa
548 3362 676 3420 exstant
718 3356 864 3438 vestigia.
919 3353 976 3418 sed
1008 3360 1130 3434 tamen,
1177 3355 1304 3428 etiamsi
1336 3356 1425 3420 nulla
1461 3377 1514 3420 ex-

292 3465 400 3538 stent,
453 3479 579 3523 summa
626 3457 860 3540 probabilitate
908 3457 950 3521 ad
994 3457 1238 3522 Alexandrinos
1286 3459 1514 3541 grammaticos

292 3568 463 3644 poetarum
500 3582 637 3625 canones
679 3560 815 3636 referas3
859 3583 934 3624 nam
979 3559 1202 3626 Alexandriae
1245 3561 1351 3643 poesis
1398 3560 1515 3624 eximie

293 3663 431 3728 florebat
458 3664 698 3746 praecipuoque
726 3661 893 3745 gaudebat
920 3663 1101 3745 principum
1124 3662 1248 3742 favore,
1272 3664 1319 3727 ita
1341 3667 1378 3726 ut
1399 3661 1514 3726 iudea

295 3765 494 3832 Callimacho
525 3765 592 3830 fere
623 3786 733 3828 omnes
765 3767 968 3848 grammatici
999 3766 1097 3830 iidem
1128 3773 1233 3830 essent
1264 3770 1395 3848 poetae,
1427 3764 1516 3828 velut

384 3987 405 4052 ¹)
425 3986 588 4040 testimonia
611 4003 796 4054 magnacum
816 3988 941 4040 sollertia
965 3987 1136 4040 examinavit
1159 3991 1189 4038 et
1211 3985 1349 4053 explicuit
1368 3986 1398 4039 0.
1417 3986 1524 4050 Lehrs,

294 4075 329 4126 de
347 4074 444 4126 vocab.
464 4071 546 4143 petel..
565 4094 665 4146 γραμμ.
683 4093 750 4142 apes.
769 4090 795 4140 p.
809 4074 860 4124 387
874 4089 943 4140 sqq,
962 4071 1007 4140 qui
1021 4091 1048 4140 p.
1062 4074 1113 4126 387
1132 4072 1289 4125 rectissime
1302 4074 1369 4124 haec
1381 4072 1514 4126 adnotat:

296 4164 365 4224 ,erat
382 4159 568 4228 grammatica
581 4163 650 4210 tunc
662 4176 707 4211 ars
721 4157 929 4226 interpretandi
942 4161 1039 4227 poetas
1053 4175 1144 4225 neque
1157 4158 1196 4210 eis
1210 4158 1395 4226 temporibus,
1414 4158 1515 4226 quibus

294 4247 469 4298 incrementa
495 4245 583 4312 cepit,
609 4246 639 4296 in
663 4245 743 4297 libris
766 4262 850 4312 prosa
873 4245 1001 4296 oratione
1025 4243 1140 4310 scriptis
1162 4243 1217 4295 nisi
1238 4243 1413 4296 tralaticium
1431 4261 1514 4296 usum

293 4332 436 4397 habebat3‘
456 4331 490 4383 cf.
511 4331 604 4398 Quint.
623 4329 655 4382 ΙΙ
675 4332 740 4394 1,4.
761 4329 775 4382 Ι
794 4331 817 4393 8,
840 4332 851 4382 l
872 4346 932 4396 sqq.

384 4416 406 4483 ²)
427 4418 460 4470 cf.
486 4417 543 4470 Cic.
572 4433 611 4468 or.
637 4418 670 4469 72
695 4420 724 4467 et
748 4414 779 4468 0.
799 4414 876 4468 Jahn
895 4413 930 4466 ad
948 4414 1022 4466 hunc
1040 4415 1105 4482 loc.;
1129 4413 1330 4467 centulae.
1355 4417 1417 4481 116;
1436 4415 1515 4468 Suet.

294 4503 327 4559 de
346 4521 463 4578 gramm.
484 4506 512 4556 et
529 4501 602 4558 rhet.
621 4503 639 4558 4
