3362 5216
723 264 925 386 4⁹8.-

212 480 371 555 ambitum
382 489 673 573 comprehendisse,
686 492 774 556 velut
786 491 999 574 Antigonum,
1013 487 1236 568 Artemonem,
1251 487 1437 572 Oaryetium

213 589 345 658 Sotadie
357 591 468 672 filium,
479 594 712 675 Asclepiadem
722 595 936 676 Myrleanum,
947 593 1176 657 Alexandrum
1185 593 1435 676 Polyhistorem,

211 695 462 781 Polemonem.¹)
500 696 570 778 ipse
592 695 708 760 Grates
734 697 937 760 notissimam
959 695 1042 759 hano
1065 694 1202 759 tradidit
1219 693 1437 761 definitionem

211 793 351 862 ἐοικέναι
372 795 430 862 τὸν
450 795 509 880 μὲν
530 796 674 882 κριτικὸν
694 792 901 883 ἀρχιτέκτονι,
924 794 981 861 τὸν
991 795 1031 878 de*
1047 793 1268 883 γραμματικὸν
1281 792 1434 886 ὑπηρέτῃ,

213 904 245 963 et
268 900 617 983 quod-Neoptolemus
641 901 817 982 Parianus,
848 921 944 983 quem
970 900 1011 965 ob
1034 901 1185 964 viciniam
1206 899 1336 964 urbium
1358 900 1437 965 Per·

212 1003 300 1085 garni
323 1003 440 1067 studiis
464 1023 596 1085 operam
618 1002 745 1067 dedisse
768 1003 968 1082 crediderim,
992 1002 1024 1065 in
1047 1003 1130 1066 libro
1154 1002 1201 1066 de
1216 1008 1286 1067 arte
1308 1003 1437 1085 poetica

211 1105 325 1187 poesin
352 1126 424 1168 cum
450 1107 581 1189 pictura
615 1111 766 1170 accurate
800 1105 1001 1188 comparavit
1036 1104 1132 1189 (Hor.
1169 1127 1197 1170 a.
1231 1127 1263 1187 p.
1302 1111 1315 1168 l
1350 1125 1434 1187 eqq.;

211 1205 372 1290 Porphyr.
396 1207 439 1270 ad
460 1207 546 1293 loc),
577 1209 612 1272 id
632 1207 910 1292 Pergamenorum
930 1209 1057 1272 ratione
1077 1207 1200 1272 factum
1222 1227 1291 1271 esse
1313 1205 1434 1291 put0.²)

212 1315 290 1374 utut
312 1319 364 1374 res
387 1331 420 1374 ee
443 1310 557 1392 habet,
581 1332 600 1375 a
621 1310 834 1393 Pergamenis
857 1312 989 1375 minime
1012 1317 1083 1374 erat
1105 1309 1262 1391 alienum,
1286 1311 1436 1392 eloquen-

213 1413 294 1477 tiam
323 1433 396 1476 cum
424 1412 551 1476 artibus
579 1415 677 1477 mutis
708 1434 906 1496 comparare.
931 1413 1157 1495 -sequitur,
1186 1419 1236 1494 ut,
1264 1434 1328 1495 quo
1355 1413 1436 1476 dilu-

213 1516 315 1579 cidius
349 1536 400 1579 ree
431 1516 664 1598 perspiciatur,
699 1515 786 1598 apud
817 1536 898 1598 quos
928 1517 1132 1598 potissimum
1155 1515 1328 1598 scriptores
1352 1536 1436 1580 com-

212 1619 398 1702 parationes
427 1618 503 1682 illae
531 1617 696 1700 legantur,
726 1620 988 1701 contemplemur.
1034 1625 1134 1701 atque
1160 1617 1248 1702 apud
1269 1618 1435 1682 Romanos

212 1723 319 1804 prima
352 1721 439 1785 illius
472 1720 573 1784 studii
606 1721 741 1802 vestigia
772 1722 996 1799 inveniuntur,
1038 1722 1103 1784 iam
1133 1741 1209 1784 vero
1240 1728 1353 1784 notum
1387 1728 1435 1784 est

212 1825 378 1888 Romanos
400 1823 541 1906 pendere
557 1843 577 1886 a
591 1822 813 1906 Pergamenis
831 1815 974 1907 quorum
985 1824 1182 1906 exemplaria
1198 1830 1355 1906 quantam
1370 1825 1435 1886 vim

212 1927 391 1992 habuerint
413 1925 455 1990 ad
478 1932 566 1990 artes
588 1925 779 2008 litterasque
794 1927 959 1990 Romanas
983 1925 1233 1990 conformandae
1258 1946 1297 1990 ac
1320 1925 1437 1989 descri-

213 2029 348 2108 bendas,
374 2030 453 2093 eatis
477 2027 702 2093 elucubratum
725 2035 787 2108 eet;
800 2029 826 2112 a)
854 2051 959 2112 neque
982 2029 1064 2092 artie
1086 2029 1241 2093 historiae
1264 2029 1436 2110 scriptores

216 2131 445 2217 artificumque
473 2131 595 2195 iudices
623 2132 685 2214 ipsi
711 2153 770 2214 per
791 2153 825 2196 se
848 2132 990 2196 Romani
1011 2130 1091 2195 iacti
1113 2137 1201 2210 sunt,
1230 2131 1327 2194 immo
1351 2131 1437 2194 hunc

212 2235 255 2298 ad
283 2233 381 2299 finem
411 2235 587 2299 eorundem
608 2234 886 2316 Pergamenorum
914 2235 1118 2316 potissimum
1146 2234 1309 2316 proximos
1330 2233 1436 2298 fontes

213 2337 374 2402 adierunt.
427 2337 632 2418 Antigonum
663 2337 794 2419 quidem
827 2336 907 2400 artis
941 2336 1098 2400 historiae
1133 2337 1323 2418 scriptorem
1356 2336 1437 2400 cele-

212 2441 390 2504 berrimum
419 2445 477 2503 aut
506 2461 565 2522 per
588 2440 770 2508 Varronem
798 2446 831 2504 et
852 2439 1017 2523 Nepotem
1046 2444 1104 2503 aut
1132 2461 1191 2522 per
1212 2438 1389 2502 Pasitelem
1417 2460 1437 2502 a

213 2543 381 2612 Varrone¹
400 2562 586 2625 expressum
622 2543 778 2607 Romanis
809 2543 936 2624 ipsique
964 2542 1073 2606 Plinio
1104 2541 1283 2607 innotuisse
1312 2541 1436 2605 idoneis

213 2646 411 2728 argumentis
443 2653 492 2708 est
519 2646 777 2728 comprobatum3
806 2645 953 2709 Lucilius
983 2665 1065 2727 quos
1092 2643 1173 2708 alios
1204 2645 1323 2707 oriseos
1350 2643 1435 2706 illins

213 2757 362 2813 auctores
378 2755 507 2812 secutus
524 2751 567 2838 eit
582 2755 713 2832 praeter
725 2749 945 2830 Pergamenos
959 2749 993 2810 in
1009 2747 1059 2810 hie
1071 2747 1187 2810 studiis
1202 2739 1435 2810 versatissimus

213 2859 246 2916 et
260 2852 379 2917 Lucilii
403 2856 511 2915 aetate
528 2852 596 2915 iere
612 2851 696 2914 solos
713 2851 838 2915 Romae
853 2850 1035 2914 imitatione
1050 2870 1228 2933 expressae,
1252 2869 1317 2912 non
1332 2849 1435 2912 video.

213 2977 251 3020 ex
266 2955 544 3038 comparationum
557 2974 633 3018 vero
646 2953 753 3018 indole
774 2959 905 3036 praeter
919 2953 1160 3036 antiquissimos
1174 2956 1299 3016 veteres
1317 2971 1436 3035 eosque

213 3059 363 3122 classicos
385 3056 524 3122 artifices
548 3056 589 3121 ab
606 3057 830 3122 Romanorum
846 3058 1036 3122 auctoribus
1051 3055 1217 3120 adhibitos
1234 3075 1302 3118 esse
1318 3054 1432 3136 elucet,

210 3161 245 3226 id
268 3161 357 3244 quod
378 3167 411 3226 et
434 3161 540 3243 ipsum
562 3160 761 3243 Pergamum
790 3181 848 3224 nos
878 3159 1041 3224 amandat.
1084 3161 1170 3224 inter
1192 3157 1336 3224 Graecos
1356 3177 1436 3222 rero

211 3263 389 3346 Dionysius
417 3264 496 3328 Hal.
529 3264 625 3346 longe
655 3263 798 3344 excellit,
831 3265 888 3345 qui
918 3265 951 3327 in
980 3263 1098 3327 scholis
1127 3263 1262 3325 Asianis
1288 3260 1435 3325 eruditus

211 3367 300 3432 illinc
321 3367 462 3431 Romam
490 3365 577 3430 idem
606 3364 749 3431 studium
772 3366 956 3445 transtulit3
986 3365 1188 3445 DemetriuS,
1218 3385 1313 3447 quem
1337 3364 1435 3426 etiam

212 3469 253 3534 ob
277 3471 535 3553 comparationes
559 3457 632 3534 cum
647 3469 728 3533 artie
745 3469 896 3552 operibus
913 3475 945 3533 et
961 3467 1139 3534 artificibus
1154 3468 1259 3532 factae
1274 3466 1435 3550 Dionysio

211 3574 383 3656 aequalem
404 3572 503 3637 fuisse
525 3593 649 3652 censeo,
673 3571 759 3637 unde
782 3573 939 3657 originem
961 3572 1207 3655 studiorumque
1228 3569 1387 3647 elementa
1403 3575 1435 3633 et

211 3697 401 3758 progressus
425 3676 562 3757 duxerit,
586 3676 765 3756 nescimus3
790 3675 950 3742 Caecilius
973 3697 1057 3758 vero,
1082 3697 1178 3758 quem
1192 3674 1247 3738 Pe.
1264 3669 1433 3755 Longinus

303 3916 324 3983 ¹)
344 3915 367 3967 si
388 3916 502 3984 quidem
521 3915 583 3968 iure
600 3913 780 3985 Pergamenis
799 3918 972 3969 accensetur.
1009 3917 1086 3969 certe
1104 3913 1181 3967 etin
1199 3913 1349 3966 vicinitate
1367 3910 1433 3966 Per·

216 4001 292 4070 garni
310 4004 393 4054 natue
412 4007 455 4055 est
473 4008 502 4054 et
519 4003 632 4072 scripsit
651 4003 686 4055 ad
704 4001 836 4055 Attalum
854 4001 893 4054 11.

305 4088 327 4157 ⁹)
346 4090 379 4141 ci.
399 4090 483 4142 etiam
503 4089 608 4142 Cernis.
628 4087 671 4143 IV
690 4091 732 4154 28,
751 4090 798 4154 39,
818 4088 866 4156 qui
884 4087 937 4140 hoc
955 4085 1041 4139 habet
1059 4086 1307 4153 ,commutationis
1326 4085 1433 4154 figurae

214 4176 387 4244 exemplum:
417 4179 525 4244 ,potina
548 4177 667 4243 loquens
691 4176 815 4243 pictura,
840 4175 952 4242 pictura
979 4173 1099 4226 tacitum
1121 4177 1223 4242 poe'ma
1248 4174 1332 4227 debet
1355 4177 1433 4238 esse‘,

211 4261 286 4328 quod
321 4261 482 4331 exemplum
512 4278 546 4314 ex
576 4261 683 4314 Graeco
713 4281 743 4314 π.
772 4261 922 4330 σχημάτων
949 4260 1022 4312 libro
1053 4260 1234 4330 desumptum
1260 4277 1322 4316 esse
1350 4260 1433 4312 facile

211 4363 346 4416 suspicor.

297 4431 319 4500 ⁸)
342 4433 454 4498 Brunn,
479 4431 553 4501 (igK
576 4433 592 4486 1
615 4435 668 4486 458
696 4449 735 4500 sq.
762 4434 828 4500 504,
856 4431 1073 4497 Reifferscheid,
1102 4437 1172 4488 orat.
1197 4452 1217 4489 s.
1236 4435 1254 4488 l.
1273 4453 1299 4503 p.
1319 4437 1335 4487 5
1354 4449 1427 4501 sqq.;
1460 4467 1472 4486 s

211 4517 408 4584 Wilamowitz,
427 4519 525 4586 Antig.
544 4535 570 4586 p.
594 4521 650 4572 163.
