3362 5216
837 287 877 346 58

250 488 298 553 ita
329 487 501 570 scriptores
532 489 619 570 ipsos
653 489 840 553 aestimasse
872 495 918 568 et,
953 507 1032 573 quos
1066 487 1181 569 dignos
1206 487 1344 553 lectione
1371 489 1471 554 inter·

249 590 431 672 pretatione
452 591 632 655 imitatione
647 591 854 672 censuissent,
878 613 894 654 e
910 611 1043 654 numero
1059 589 1246 654 seiunxisse.
1279 609 1338 654 nec
1352 591 1473 656 desunt

251 699 340 757 certa
376 693 444 757 eius
481 693 581 757 studii
615 694 751 776 vestigia
787 694 821 757 in
857 694 935 776 ipsis
970 693 1156 759 litterarum
1191 692 1470 775 Pergamenarum

251 795 428 860 cunabulis.
473 793 639 860 Oratstem
667 796 751 860 enim
778 795 933 878 singulari
960 796 1108 861 acumine
1129 795 1315 877 praeditum
1337 797 1471 860 criticen

251 899 430 962 exercuisse
457 919 529 962 cum
558 898 608 962 vel
637 898 713 963 inde
745 903 910 981 sequatur,
941 897 1027 981 quod
1058 900 1203 982 spectaco
1232 898 1360 963 nomine
1390 921 1471 982 prae

250 1000 366 1064 ceteris
387 1001 557 1082 insignitus
580 1007 638 1081 ost,
660 1007 729 1066 tum
745 1022 784 1066 ex
800 1000 955 1068 Suetonio
972 999 1011 1064 de
1026 1021 1161 1083 gramm.
1178 1006 1210 1066 et
1224 1000 1307 1065 rhet.
1324 1006 1343 1064 2
1358 1023 1389 1084 p.
1407 1004 1470 1064 100

250 1101 390 1181 Rffsch,
420 1103 476 1186 qui
503 1104 669 1169 Romanos
692 1104 824 1170 Oratete
850 1108 1026 1186 praeeunte
1054 1104 1197 1169 carmina
1219 1141 1261 1150 -
1283 1104 1310 1168 si
1331 1125 1470 1186 quorum

251 1206 490 1286 probassent
516 1205 702 1290 diligentius
729 1212 926 1272 retractasse
948 1205 1059 1271 tradit.
1104 1206 1221 1271 deinde
1243 1206 1305 1270 hoc
1327 1205 1471 1271 Cratetis

250 1307 386 1388 legimus
420 1309 635 1392 epigramma,
668 1309 756 1392 quod
788 1309 907 1373 iniuria
937 1308 1042 1373 Lehrs
1075 1314 1108 1374 et
1138 1309 1178 1374 B.
1211 1308 1407 1394 Thiersch1)
1440 1309 1470 1373 ei

251 1408 453 1474 abiudioant:

355 1543 507 1632 Χοίριλος
524 1543 715 1629 Ἀντιμάχου
739 1545 824 1611 πολὺ
847 1542 1010 1611 λείπεται·
1035 1539 1102 1611 ἀλλ’
1126 1543 1186 1611 ἐπὶ
1208 1549 1295 1612 πᾶσι

401 1646 555 1736 Χοίριλον
576 1646 745 1736 Εὐφορίων
767 1641 831 1730 εἶχε
853 1647 909 1714 διὰ
931 1647 1102 1731 στόματος,

357 1751 426 1818 Καὶ
448 1751 648 1838 κατάγματα
672 1749 767 1817 ἐντόει
790 1750 832 1816 τὰ
855 1750 1024 1840 ποιήματα
1046 1749 1102 1816 καὶ
1124 1748 1167 1815 τὰ
1189 1747 1328 1838 φίλνγιρα

397 1851 570 1942 Ἀτρεκέως
591 1851 676 1944 ᾔδει·
700 1852 756 1920 καὶ
780 1852 839 1940 γὰρ
860 1846 1029 1942 Ὁμηρικὸς
1051 1843 1097 1942 ἢν.

250 2049 314 2109 quo
345 2027 384 2092 de
406 2027 488 2092 haec
510 2027 610 2092 habet
629 2024 779 2091 Meineke
802 2046 821 2090 a
844 2024 881 2091 Ο.
903 2024 1170 2102 Wachsmuthio,
1201 2022 1241 2088 de
1264 2022 1354 2089 Orat.
1376 2023 1469 2088 Mall.

249 2129 417 2194 laudatus:
454 2151 568 2211 ,neque
596 2129 722 2209 dubito,
750 2129 829 2211 quin
849 2126 931 2191 illud
953 2125 1094 2192 Cratetis
1118 2127 1318 2209 epigramma
1340 2147 1378 2191 eo
1399 2127 1471 2209 ipso

251 2237 396 2314 tempore
425 2233 581 2315 scriptum
609 2232 663 2312 sit,
695 2252 758 2312 quo
788 2230 828 2294 de
861 2228 1072 2311 scriptoribus
1104 2228 1138 2292 in
1170 2248 1327 2293 canonem
1348 2229 1399 2292 vel
1421 2249 1469 2294 re·

251 2333 407 2415 cipiendis
429 2335 479 2398 vel
502 2356 566 2399 non
582 2332 775 2416 recipiendis
791 2332 1001 2414 gravissimae
1017 2332 1223 2415 quaestiones
1244 2352 1308 2394 non
1331 2331 1400 2396 sine
1419 2331 1470 2398 ira

250 2442 283 2499 et
302 2435 409 2500 studio
423 2437 456 2501 in
472 2437 585 2502 Museo
600 2435 825 2502 Alexandrino
840 2435 1052 2518 agitarentur.
1087 2452 1151 2514 quo
1166 2439 1311 2516 tempore
1326 2454 1400 2498 cum
1414 2433 1471 2498 alii

250 2537 448 2620 Choerilum,
472 2540 526 2604 alii
541 2538 786 2618 Antimachum,
802 2537 858 2602 alii
879 2536 1017 2601 fortasse
1040 2536 1138 2600 etiam
1153 2535 1399 2618 Euphorionem
1421 2556 1470 2600 re·

249 2640 431 2723 cipiendum
447 2643 601 2722 dicerent,
619 2641 743 2721 Crates,
759 2640 933 2704 acerrimus
945 2639 1131 2704 Aristarchi
1146 2638 1361 2719 adversarius,
1378 2659 1470 2702 suam

250 2743 290 2807 de
298 2743 402 2810 haere
411 2744 837 2827 sententiampropositurus
846 2742 928 2807 illud
937 2741 1240 2826 scripsisse'videtur
1249 2742 1469 2824 epigramma‘

250 2847 393 2912 Cratetis
415 2848 553 2930 denique
576 2847 833 2912 aestimationem
856 2865 920 2908 non
937 2843 979 2908 ad
994 2850 1108 2926 poetas
1123 2844 1220 2924 solos,
1243 2843 1413 2908 sedetiam
1428 2845 1470 2909 ad

248 2951 422 3032 scriptores
444 2950 611 3034 pedestres
632 2949 826 3033 pertinuisse
847 2947 991 3028 locuples
1013 2952 1127 3011 auctor
1149 2945 1229 3010 mihi
1250 2946 1379 3011 videtur
1401 2967 1470 3012 esse

249 3051 367 3117 Suidas
383 3074 407 3117 s.
420 3075 448 3117 v.
461 3057 502 3117 K.
516 3048 695 3138 φιλόσοφος
711 3039 895 3124 στωϊκὸςὸς
906 3045 1072 3137 ἐπεκλήθη
1082 3043 1250 3136 Ὁμηρικὸς
1261 3046 1317 3113 καὶ
1328 3046 1472 3135 κριτικὸς

249 3152 304 3220 διὰ
336 3152 393 3242 τὴν
425 3153 482 3220 καὶ
516 3152 591 3240 περὶ
623 3151 698 3229 τοὺς
730 3149 968 3238 γραμματικοὺς
996 3152 1030 3235 (i.
1058 3173 1084 3216 e.
1113 3154 1178 3215 τῶν
1205 3148 1470 3238 συγγραμμάτων,

249 3254 469 3344 συγγραφέων)
493 3255 550 3323 καὶ
573 3253 762 3343 ποιητικοὺς
776 3251 888 3340 λόγους
903 3249 1003 3320 αὐτοῦ
1018 3249 1202 3319 ἐπίστασιν.
1248 3254 1336 3338 quod
1353 3253 1471 3320 Grates

249 3360 379 3425 scholae
406 3361 569 3444 princeps,
598 3360 632 3425 id
661 3359 728 3423 eius
757 3358 907 3441 discipuli
930 3351 975 3442 (oi
997 3354 1208 3444 Κρατήτειοι,
1231 3353 1251 3444 ἡ
1272 3349 1472 3443 Κρατήτειος

249 3461 387 3549 αἵρησις)
426 3463 664 3546 sequebantur,
709 3462 766 3544 qui
800 3460 914 3526 codem
949 3461 1102 3545 κριτικῶν
1134 3460 1262 3525 nomine
1296 3461 1406 3526 ornari
1437 3467 1471 3526 et

249 3564 434 3629 maluerunt
461 3571 493 3629 et
522 3565 722 3630 ornabantur
749 3565 801 3629 vel
829 3563 936 3629 cuncti
964 3563 1015 3628 vel
1042 3563 1169 3645 singuli,
1199 3568 1236 3626 ut
1264 3562 1427 3646 Telephus
1450 3558 1469 3627 ὁ

249 3663 391 3752 κριτικὸς
427 3663 445 3730 ὁ
482 3665 519 3732 ἐκ
554 3670 613 3731 τοῦ
648 3669 857 3753 Περγαμηνοῦ
893 3661 1041 3747 μουσείου
1079 3663 1223 3746 (Aelian.
1259 3665 1334 3730 hist.
1372 3665 1468 3730 anim.

248 3771 284 3834 X
320 3769 377 3856 42)
415 3774 448 3833 et
486 3769 660 3835 Tauriscus
701 3763 718 3833 ὁ
757 3766 925 3854 Κράτητος
962 3761 1120 3855 ἀκουστὴς
1157 3764 1269 3854 ὥσπερ
1306 3762 1337 3832 οἱ
1378 3760 1471 3832 ditos

248 3868 387 3956 κριτικαί
426 3871 529 3956 (Sext.
562 3873 657 3956 Emp.
692 3872 764 3936 adv.
796 3870 897 3936 math.
928 3870 949 3934 Ι
983 3869 1070 3956 248).
1136 3869 1350 3954 Asclepiades
1382 3870 1469 3952 Myr·
1529 3881 1543 3904 ·

248 3975 361 4038 leanus
397 3973 598 4058 Thucydidis
644 3967 875 4058 πραγματείαν,
920 3993 1019 4054 quam
1057 3972 1112 4036 alii
1148 3972 1242 4037 aliter
1279 3970 1468 4053 diviserunt,

248 4073 337 4162 μεχρὶ
369 4079 434 4140 τῶν
468 4071 499 4163 η’
525 4076 699 4164 διῃρῆσθαι
728 4072 893 4160 ἐπέκρινεν
923 4073 1117 4160 (Marcellin.
1149 4080 1188 4137 v.'
1211 4072 1314 4138 Thuc.
1346 4073 1365 4160 ξ
1395 4073 1468 4159 57);

249 4181 427 4245 Panaetius
456 4177 600 4244 Cratetis
628 4179 804 4262 discipulus
833 4176 974 4242 omnium
998 4175 1237 4242 Socraticorum
1265 4175 1469 4259 dialogorum

319 4399 338 4453 ¹l
357 4397 448 4453 Lehrs
466 4399 484 4452 l.
503 4399 521 4453 l.
540 4417 567 4468 p.
586 4399 649 4466 395;
673 4400 816 4466 Tbiersch,
840 4399 926 4453 ueber
945 4397 993 4452 das
1010 4399 1147 4454 Zeitalter
1165 4399 1224 4452 und
1243 4397 1401 4475 Vatsrlsnd
1413 4399 1463 4453 des

248 4485 364 4557 Homer,
382 4485 528 4540 Helberst.
547 4485 634 4543 1832·
650 4503 676 4560 p.
695 4489 729 4542 59
746 4503 806 4558 sqq.
